3184 5140
287 630 451 714 prologum
472 631 667 714 suspicamur
689 631 766 696 duas
788 631 945 697 eontimre
966 631 1171 712 narrationes,
1194 651 1327 716 quarum
1340 635 1388 700 al·

287 742 355 806 tera
382 760 430 806 res
459 741 499 806 ad
521 740 742 825 Polymestoris
764 742 925 821 ultionem,
959 742 1057 808 altera
1084 761 1131 808 res
1152 743 1192 808 ad
1215 744 1388 827 Polyxenae

288 849 483 916 devotionern
511 851 699 934 pertinentes
726 851 867 934 exponat.
910 851 977 916 Has
1006 857 1079 917 'sene
1101 853 1205 934 partes
1226 852 1318 918 faeile
1339 871 1387 918 re·

287 958 398 1040 peries:
425 959 510 1042 prior
532 959 671 1042 propedit
693 979 789 1043 usque
811 960 851 1027 ad
876 978 903 1025 v.
927 961 978 1039 34,
1000 961 1072 1026 inde
1094 961 1205 1044 insipit
1226 962 1385 1044 posterior.

153 1131 155 1136 ,
225 1127 230 1145 ι
287 1067 451 1134 Praeterea
473 1069 626 1134 neminem
642 1068 725 1152 lingit
739 1088 769 1134 v.
782 1070 916 1149 55-58,
939 1070 1051 1152 quibus
1067 1069 1240 1152 Polydorus
1255 1071 1386 1135 matrem

286 1177 530 1256 oommiseratur,
563 1197 582 1242 a
605 1196 730 1260 eorpore
751 1179 872 1262 prologi
894 1197 958 1244 esse
980 1179 1194 1254 secernendosr
1227 1178 1385 1244 oonoludit

286 1285 478 1368 apertissime
498 1303 602 1350 rerum
624 1287 845 1368 expositionem
865 1288 1005 1353 versibus
1027 1288 1163 1367 51-54,
1186 1288 1299 1371 quibus
1314 1305 1387 1352 eon·

285 1394 391 1459 silium
422 1411 566 1460 scaenam
598 1396 793 1478 relinquendi
825 1396 928 1462 edicit.
974 1396 1033 1462 Sed
1063 1415 1132 1462 earn
1161 1397 1281 1478 partem
1308 1414 1387 1478 quae

287 1503 421 1585 pertinet
440 1521 538 1585 usque
557 1502 597 1568 ed
619 1523 649 1568 r.
671 1505 714 1568 34
736 1523 797 1569 non
820 1523 916 1570 unam
938 1523 1003 1570 esse
1023 1505 1138 1572 iudioo.
1181 1505 1273 1571 Aetio
1303 1504 1386 1570 enim

286 1612 396 1690 altera,
419 1630 498 1695 quae
518 1613 661 1676 versatur
674 1613 707 1676 in
722 1612 840 1678 ultione
850 1612 1082 1697 Polymestoris,
1108 1633 1143 1679 eo
1158 1613 1280 1692 nititur,
1304 1611 1386 1696 quod

285 1719 345 1786 iste
365 1721 521 1788 Thraoum
544 1739 595 1786 ren
609 1721 800 1822 Polydorum
820 1722 879 1788 sibi
902 1721 1101 1788 commissum
1124 1723 1290 1790 interierit.
1321 1722 1386 1789 Ita·

286 1848 346 1913 que
365 1849 384 1896 a
405 1851 434 1895 v.
452 1831 490 1895 16
505 1831 638 1912 priorem
655 1849 758 1896 rerum
773 1831 1002 1897 enarrationem
1016 1831 1145 1897 initium
1168 1850 1284 1914 rapere,
1306 1849 1385 1914 quae

285 1939 473 2022 praeoedunt
501 1939 538 2006 de
563 1959 674 2022 genere
701 1941 732 2005 et
762 1941 915 2022 prioribus
938 1939 1086 2024 Polydori
1116 1939 1191 2006 fatis
1225 1926 1382 2006 exordium

285 2067 350 2114 esse
371 2049 517 2114 ditemur.
561 2049 652 2114 Hane
671 2048 772 2130 igitur
792 2049 885 2114 habes
908 2049 1029 2132 prologi
1051 2048 1298 2130 dispositionem:
1322 2047 1383 2112 Ex·

286 2155 408 2221 ordinm
430 2156 647 2238 complectitur
669 2175 698 2223 v.
724 2140 835 2235 1-15,
868 2157 952 2239 prior
980 2157 1168 2223 narrationis
1197 2175 1269 2238 pars
1291 2176 1320 2223 v.
1344 2157 1383 2221 16

197 2311 199 2316 -
287 2265 379 2344 -34‚
402 2264 500 2330 altere
522 2284 551 2331 v.
573 2266 708 2341 35-50,
731 2261 887 2330 ebneluoio
910 2285 938 2330 v.
962 2266 1130 2344 51—541).
1145 2265 1268 2331 -Iam
1288 2283 1383 2348 quae·

286 2375 376 2452 ritur,
399 2375 503 2438 utrum
526 2353 750 2438 sententiarum
772 2373 847 2439 ordo
869 2375 902 2438 in
924 2375 983 2440 hoo
1003 2372 1132 2457 prologo
1147 2375 1222 2440 bene
1236 2373 1382 2456 pronedet

287 2502 389 2549 neone.
432 2483 511 2548 Mihi
532 2483 666 2566 quidem,
689 2484 746 2549 etsi
768 2503 857 2549 nemo
879 2483 1033 2549 editorum
1055 2482 1151 2548 ullam
1177 2482 1380 2566 suspicionem

286 2593 510 2675 pronuntiavit,
544 2612 605 2658 non
631 2593 763 2658 videtur.
806 2592 948 2658 Primum
973 2611 1022 2658 me
1050 2592 1190 2674 graviter
1222 2589 1382 2657 offendunt

286 2721 315 2767 r.
341 2703 479 2767 13-15:

436 2821 597 2906 νεώτατος
618 2829 646 2894 δ’
669 2815 690 2918 ἦ
711 2829 915 2915 Πριαμιδῶν,
940 2822 959 2896 ὃ
980 2829 1034 2894 καί
1055 2853 1096 2902 ιιε
1117 2830 1175 2918 γῆς

333 2959 335 2962 ·
432 2933 688 3021 ὑπεξέπεμψεν·
711 2927 867 3022 οὔτεγὰρ
890 2938 1002 3026 φέρειν
1024 2933 1113 3003 ὅπλα

435 3037 501 3146 oiia’
527 3043 620 3131 ἔγχος
642 3037 718 3124 οἷός
737 3047 764 3111 ε’
788 3034 808 3138 ἦ
830 3046 892 3134 νέῳ
913 3047 1070 3130 βραχίονι.

154 3162 157 3166 ’
284 3172 453 3239 Videamus
474 3175 697 3240 sententiarum
720 3193 841 3239 nexum.
884 3175 1057 3257 Postquam
1079 3173 1251 3259 Polydorus
1272 3173 1380 3256 primis

284 3281 405 3364 prologi
426 3282 563 3348 versibus
585 3300 682 3365 genus
704 3300 793 3346 suum
809 3282 958 3365 exposuit,
981 3283 1142 3348 Priamum
1158 3283 1287 3365 patrem,
1310 3299 1380 3346 cum

286 3389 379 3455 Troia
403 3390 436 3455 in
464 3409 498 3455 eo
525 3391 618 3475 esset„
648 3391 684 3454 ut
709 3409 728 3455 e
750 3388 876 3455 Graecis
904 3393 1140 3474 expugnaretur,
1171 3390 1211 3456 ad
1237 3389 1380 3473 Polyme·

284 3499 407 3578 storem,
442 3499 598 3564 Thracum
624 3517 739 3582 regem,
772 3497 880 3563 multis
907 3517 978 3564 eum
1003 3498 1178 3565 thensauris
1205 3517 1237 3564 se
1260 3497 1380 3565 misisse

283 3608 399 3673 narrat.
444 3608 512 3674 Iam
533 3608 573 3672 iis
595 3624 671 3690 quos
692 3607 869 3673 tractamus
891 3608 1029 3673 versibus
1051 3607 1091 3672 ad
1113 3625 1210 3690 genus
1226 3625 1315 3672 suum
1331 3623 1380 3672 re-

282 3717 401 3784 labitur
428 3715 607 3800 Polyderus.
651 3715 720 3796 Qui,
754 3735 840 3800 rogo,
872 3717 1016 3782 defendes
1046 3717 1128 3781 hune
1156 3714 1378 3781 sententiarum

283 3827 516 3910 retrogressum‚
537 3843 641 3908 puero,
664 3844 702 3890 ne
723 3824 871 3891 mediocri
893 3825 1016 3909 quidem
1036 3826 1127 3907 poeta
1149 3823 1304 3907 dignum?
1346 3821 1380 3888 Si

283 3933 420 4001 indicare
439 3934 565 4000 volebat
586 3933 749 4019 Euripides
771 3935 959 4018 Polydorum
989 3933 1153 3999 minimum
1178 3934 1255 4000 natu
1283 3931 1379 3997 fuisse

387 4155 412 4222 l)
430 4151 496 4208 Alia
513 4156 556 4207 est
574 4151 610 4207 de
625 4152 708 4206 huius
726 4151 836 4222 prologi
854 4151 1008 4220 partitione
1020 4151 1072 4208 Iul.
1083 4149 1378 4244 Oxwalinae(lleEur.

284 4247 378 4303 studio
396 4248 604 4317 aequabilitatis
624 4265 652 4317 p.
669 4247 717 4317 28)
735 4247 882 4314 sententia,
905 4264 989 4316 quarn
1007 4247 1107 4304 falsam
1125 4264 1183 4302 esee
1200 4263 1235 4304 ex
1252 4247 1287 4302 iis
1306 4265 1378 4316 quae

284 4344 426 4415 disputavi
445 4363 580 4415 apparere
595 4349 675 4414 pute.
