3124 5138
838 485 871 540 10

616 709 645 773 2.
688 708 739 774 De
758 708 908 776 Medeae
929 708 1093 794 prologo.

404 865 544 933 Medeam
558 838 698 933 fabulam
713 867 913 950 superstitum
926 864 1162 952 Muripide'arnm
1173 869 1204 935 et
1215 869 1399 954 argumento

306 975 583 1058 splendidissimam
606 977 638 1042 et
658 977 806 1042 sermonis
827 977 895 1043 arte
916 978 1048 1044 manime
1062 978 1236 1044 absolutam
1252 997 1318 1045 esse
1333 997 1399 1044 om·

307 1103 360 1150 nes
380 1083 525 1151 olamant.
567 1083 656 1150 Siout
679 1086 783 1151 autem
805 1085 912 1151 fabula
933 1087 1014 1152 inter
1037 1086 1169 1170 fabulas,
1188 1087 1236 1152 ita
1253 1088 1399 1170 prologus

305 1193 387 1259 iuter
407 1193 551 1278 prologos
572 1193 763 1277 singularem
785 1195 871 1260 tenet
894 1194 1013 1261 looum:
1047 1213 1145 1278 neque
1170 1197 1252 1261 oerte
1273 1194 1398 1261 tantum

269 1353 272 1362 .
304 1302 547 1385 reprehensionis
572 1303 604 1368 et
628 1301 756 1368 ludibrii
785 1302 993 1369 oonoitassent
1022 1304 1144 1388 prologi
1168 1304 1335 1388 Euripidai
1371 1304 1399 1370 si

306 1429 412 1477 omnes
438 1411 516 1478 tales
549 1413 658 1492 essent,
692 1411 793 1496 qualis
814 1413 861 1478 est
882 1412 1016 1478 Medeae.
1061 1413 1157 1504 Quod
1176 1412 1400 1480 animadvortit

306 1520 530 1602 Aristophanes
551 1521 731 1605 Byzantius,
754 1522 808 1604 qui
828 1521 873 1586 sio
894 1521 927 1585 in
948 1521 1145 1605 argumento:
1168 1519 1349 1586 ἐπαινεῖται
1362 1519 1399 1586 dt

306 1625 326 1715 ἦ
347 1624 480 1714 εἰσβολὴ
506 1623 561 1694 διὰ
584 1624 623 1694 τὸ
642 1630 838 1716 παθητικῶς
859 1621 937 1715 tirou
965 1626 1050 1710 ἔχειν
1070 1627 1165 1720 καὶὴ
1187 1629 1399 1715 ἑπεξεργασία

192 1723 197 1732 ’
310 1738 399 1824 „aas
430 1737 464 1803 a
491 1732 643 1804 asason
675 1737 729 1804 καὶ
749 1735 791 1804 ss
820 1735 902 1829 ἑξῆς.
945 1741 1051 1824 naue
1083 1740 1176 1807 eoram
1211 1741 1399 1807 reserandus

305 1866 399 1931 qnam
420 1847 454 1913 in
475 1847 632 1914 Aloestide
653 1848 845 1932 tripertitam
867 1867 931 1914 esse
950 1848 1113 1933 prologum
1133 1849 1270 1932 apparet.
1291 1849 1398 1914 Primo

305 1957 386 2022 enim
408 1975 480 2040 pars
502 1957 640 2024 eontinet
660 1975 688 2022 v.
714 1958 824 2036 1-16,
847 1958 959 2041 quibus
980 1958 1047 2024 iata
1068 1958 1189 2024 Iasonis
1211 1959 1242 2024 et
1263 1957 1398 2036 Medeae,

304 2067 471 2149 antequam
486 2064 668 2132 Corinthum
689 2067 847 2146 venerunt,
870 2067 1082 2149 exponuntun
1102 2067 1200 2133 altera
1215 2085 1311 2150 eaque
1326 2084 1399 2149 gra·

305 2174 636 2255 uissimav.17-3d‚
669 2175 781 2258 quibus
803 2175 877 2258 quid
901 2174 1043 2242 Corinthi
1071 2195 1168 2258 usque
1195 2175 1399 2257 adpraesens

305 2283 427 2365 tempus
446 2283 540 2350 Iason
560 2285 592 2348 st
613 2283 721 2349 Medea
749 2282 848 2366 egerit
876 2283 1055 2359 enarratum
1089 2284 1184 2348 tertia
1212 2302 1283 2368 pars
1315 2301 1399 2348 oom-

304 2391 452 2475 pleotitur
472 2411 500 2457 u.
522 2393 655 2471 37-48,
690 2391 802 2474 quibus
829 2390 934 2455 nutrix
960 2391 1087 2456 timores
1114 2410 1304 2476 angoresque
1327 2410 1398 2458 suos

304 2500 443 2567 declarat
465 2501 495 2566 et
517 2499 685 2570 adventum
706 2500 873 2566 liberorum
895 2499 1021 2566 Medeae
1047 2501 1179 2567 nuntiat.
1202 2537 1242 2546 -
1264 2501 1399 2567 Addita·

305 2610 417 2675 mentis
442 2611 546 2675 autern
569 2609 828 2676 oommaoulatam
857 2628 921 2674 esse
949 2609 1141 2692 praeclaram
1162 2610 1242 2675 hano
1268 2609 1398 2675 nutriois

305 2719 474 2784 orationem
496 2720 560 2786 iam
581 2718 635 2782 diu
655 2719 715 2783 riri
738 2718 824 2784 dooti
845 2719 1065 2804 cognoverunt.
1099 2719 1228 2784 Initium
1243 2717 1398 2803 purgandi

305 2828 373 2912 post
395 2828 611 2912 Musgravium
638 2828 712 2893 lecit
736 2827 774 2892 N.
797 2827 831 2892 M.
855 2827 938 2894 sol
964 2846 992 2909 p.
1017 2828 1086 2906 108,
1120 2827 1173 2910 qui
1195 2847 1223 2893 v.
1246 2829 1296 2893 40.
1319 2827 1358 2892 41
1381 2846 1398 2892 e

304 2957 333 3000 v.
354 2935 425 3002 379.
448 2937 489 3001 80
510 2937 543 3001 in
565 2935 727 3020 prologum
749 2935 976 3018 transscriptos‚
1009 2955 1039 3001 v.
1061 2936 1111 3000 42.
1131 2936 1172 3000 43
1200 2936 1240 3002 ab
1261 2936 1398 3026 interpo-

304 3045 511 3119 latore.fiotos
538 3063 602 3111 esse
628 3044 771 3110 ostendit.
814 3045 872 3110 Hie
905 3045 1010 3111 autem
1041 3043 1150 3111 doletis
1184 3033 1397 3127 praeoedentos

305 3157 355 3221 38.
378 3156 419 3220 39
439 3156 524 3220 nullo
545 3155 636 3220 modo
658 3155 740 3220 stane
754 3172 842 3236 posse
856 3154 1027 3236 probarunt
1039 3152 1077 3219 G.
1090 3152 1270 3218 Dindorfius
1283 3152 1397 3237 (Sobel.

304 3266 336 3330 in
358 3265 431 3329 Mur.
453 3263 498 3329 IV
522 3284 550 3347 p.
574 3259 648 3347 266)
678 3265 708 3329 et
732 3263 961 3329 Heimsoethius
981 3261 1073 3346 ¹(lnd.
1095 3263 1190 3328 sobol.
1213 3263 1312 3328 Bonn.
1334 3262 1397 3327 bib.
1464 3344 1468 3350 Ι
1549 3325 1550 3332 ,

307 3375 443 3453 1872173
464 3394 493 3456 p.
517 3375 535 3438 7
556 3377 627 3457 sq.).
670 3371 778 3439 Causis
800 3373 915 3451 autem,
948 3372 1059 3455 quibus
1092 3363 1249 3455 ἀθέτησις
1276 3370 1397 3448 nititur,

304 3483 369 3565 ipse
389 3501 484 3547 unam
506 3481 628 3560 addam,
651 3500 819 3566 pronomen
839 3473 933 3567 τήνδε
956 3499 985 3545 v.
1008 3482 1049 3545 39
1070 3481 1198 3546 tolerari
1218 3499 1279 3546 non
1303 3497 1400 3563 posse.

305 3591 398 3656 Nam
421 3590 459 3655 in
483 3589 649 3673 prologis
672 3590 770 3655 hano
791 3589 865 3654 sibi
885 3589 1004 3672 legem
1027 3589 1168 3654 statuit
1190 3587 1397 3672 Euripides,

305 3700 346 3764 ut
368 3700 443 3764 isto
465 3697 695 3781 pronomine,
729 3698 791 3763 nbi
820 3717 903 3763 oum
933 3715 1170 3781 personarum
1199 3697 1266 3762 aut
1297 3696 1396 3762 looo·

304 3827 383 3873 rum
419 3809 632 3874 nominibus
671 3807 928 3901 coniungitur,
972 3825 1145 3890 personas
1186 3807 1226 3871 in
1266 3824 1397 3872 scaena

304 3920 518 4002 praesentes
545 3918 608 3983 aut
629 3916 753 3982 looum
776 3915 1052 3998 spectatoribus
1078 3916 1310 3998 propositum
1334 3915 1397 3980 de·

305 4026 484 4112 signaret.
528 4027 573 4092 At
591 4027 697 4091 nostro
719 4025 786 4090 looo
808 4025 916 4090 Medea
937 4025 969 4089 in
992 4043 1102 4091 soaena
1123 4044 1184 4089 non
1206 4025 1262 4090 est.
1296 4023 1397 4106 Quare

304 4135 473 4201 obiciemus
500 4133 702 4210 comesturos,
735 4150 813 4214 quas
845 4129 950 4214 Suppl.
981 4131 1018 4196 17
1048 4131 1145 4196 fecere
1174 4133 1397 4213 grammaticus

186 4305 189 4312 .
305 4244 506 4330 Byzantinus,
529 4243 580 4316 Κ.,
602 4242 642 4306 Ν.
