3124 5138
688 443 721 498 15

152 611 255 680 Strab.
282 609 360 678 VIII
389 631 417 694 p.
440 614 516 678 377:
559 603 755 696 Εὕρυσθεδς
787 611 845 696 μὲν
870 599 927 678 οὖν
956 605 1156 696 στρατεύσας
1187 607 1249 689 εἰς

155 721 389 801 Μαραθῶνα
411 719 467 786 ἐπὶ
487 716 564 799 τούς
584 716 795 805 Ἡρακλείδας
825 717 1110 807 βοηθησάντων
1130 713 1249 806 Ἀθη-

154 827 272 892 ναίων
303 821 483 911 ἱστορεῖται
513 834 630 895 πεσεῖν
648 829 692 895 ’ἐν
719 832 759 919 τῇ
787 824 881 917 μάχη.
930 831 1128 914 Apollonii
1163 831 1249 914 8,1:

154 931 358 1020 Διωκόμενοι
379 935 415 1004 δὲ
437 937 492 1022 (sc.
514 932 546 1027 οῖ
566 933 789 1024 Ἡρακλεῖδαι)
804 926 910 1028 ἦλθον
931 935 988 1017 εἰς
1004 930 1174 1024 Ἀθήνας
1195 937 1249 1003 καῖ

154 1044 377 1123 καθεσθέντες
392 1044 449 1112 ἐπὶ
463 1042 521 1114 τδν
536 1038 647 1114 Ἐλέου
658 1045 772 1132 βωμὸν
787 1041 895 1135 ἠξίουν
908 1050 1122 1132 βοηθεῖσθαι.
1144 1037 1249 1131 Ἀθη-

155 1157 241 1218 ναῖοι
262 1153 298 1218 δὲ
326 1145 385 1219 oria
407 1148 588 1232 ἐκδιδόντες
613 1146 733 1234 αδτούς
758 1151 844 1238 πρὸς
868 1153 925 1220 τδν
947 1147 1124 1238 Εὐρυσθέα
1149 1149 1249 1220 πόλε-

155 1286 217 1345 μον
232 1256 417 1346 ὑπέστησαν
432 1262 499 1328 κτλ.
543 1262 619 1328 Post
639 1265 771 1330 mortem
792 1263 955 1348 Eurysthei
979 1281 1049 1330 oum
1066 1262 1249 1328 Heraclidae

156 1391 208 1454 per
241 1390 338 1438 unum
371 1390 487 1437 aunum
515 1371 758 1455 Peloponnesum
787 1373 997 1454 occupassent,
1029 1361 1250 1448 ἀπολιπόντες

156 1472 413 1564 Πελοπόννησον
435 1469 640 1566 ἀνεχώρησαν
662 1476 721 1558 εἰς
741 1481 974 1563 Μαραθῶνα
994 1480 1049 1545 καὶ
1063 1479 1131 1545 ἐκεῖ
1147 1473 1251 1566 κατῴ-

156 1611 242 1677 κουν.
270 1589 417 1660 Philostr.
431 1589 486 1654 vit.
507 1589 592 1672 soph.
608 1589 639 1654 ΙΙ
654 1608 684 1672 p.
702 1589 780 1655 550:
803 1584 1018 1654 πενθούντων
1032 1586 1173 1676 δημοσίᾳ
1183 1588 1250 1654 τοῖν

155 1689 374 1782 Ἀθηναίων
400 1690 457 1760 τδν
479 1690 601 1783 κήρυκα
622 1691 680 1761 τδν
695 1696 846 1781 Κοπρέα,
870 1688 907 1763 ὃν
926 1690 1039 1762 αὐτοὶ
1058 1687 1251 1762 ἀπέκτειναν

86 1815 88 1823 ’
156 1799 234 1882 τοῖς
252 1799 464 1886 Ἡρακλείδας
484 1809 543 1872 τοῦ
564 1806 680 1888 βωμοῦ
702 1797 911 1872 ἀποσπῶντα.
959 1807 1053 1872 Vides
1080 1805 1249 1872 maximum

157 1914 284 1980 testium
307 1913 487 1982 dissensum,
530 1914 719 1998 Pherecydes
742 1917 824 1980 euim
839 1915 969 1996 (Antou.
989 1914 1070 1996 hio.)
1092 1915 1123 1980 et
1137 1915 1250 1980 Straho

157 2022 266 2088 dicunt
287 2023 470 2091 Heraclidas
492 2023 676 2090 Marathone
699 2023 802 2102 fuisse,
826 2042 897 2090 cum
918 1999 1106 2107 Eurystheus
1127 2041 1178 2088 eos
1200 2042 1251 2088 on-

157 2129 301 2210 agitaret,
335 2129 488 2196 Diodorus
520 2129 706 2212 Tricorythi
745 2130 953 2213 ApoModorus
982 2132 1013 2197 et
1040 2129 1249 2196 Philostratus

159 2237 303 2313 Athenis;
325 2239 430 2304 tamen
452 2239 659 2321 Apollodorus
680 2257 732 2304 eos
752 2242 822 2323 post
843 2241 975 2306 mortem
996 2239 1162 2324 Eurysthei
1183 2239 1249 2304 Ma·

156 2346 287 2412 rathone
307 2346 472 2426 habitasse,
507 2347 662 2414 Diodorus
686 2349 905 2433 Tricorythum
926 2349 1040 2414 redisse
1061 2348 1121 2430 (IV
1143 2349 1194 2430 58,
1215 2347 1250 2431 4)

159 2456 319 2521 memorat.
363 2456 434 2522 Una
455 2457 560 2522 autem
580 2457 613 2521 in
633 2477 667 2522 re
685 2477 789 2524 omnes
808 2460 865 2524 aut
884 2458 1082 2524 consentiunt
1096 2457 1152 2522 ant
1170 2455 1251 2520 certe

158 2582 219 2628 non
241 2563 461 2628 adversantur:
483 2581 663 2645 praeconem
685 2564 857 2647 Eurysthei,
881 2565 934 2646 qui
956 2564 1129 2646 exposceret
1150 2562 1265 2628 Heru-x

158 2670 265 2754 clidas,
286 2672 413 2748 venisse,
436 2671 472 2735 ut
493 2671 553 2736 fert
574 2690 677 2737 rorum
698 2672 821 2750 natura,
845 2672 991 2741 Athenas.
1014 2708 1053 2718 -
1078 2671 1147 2738 Iam
1158 2669 1250 2734 Euri-

158 2778 242 2862 pides
265 2779 324 2844 duo
346 2779 479 2844 actionis
501 2780 578 2859 loca,
608 2783 644 2846 ut
666 2781 845 2864 Medicam,
879 2781 912 2844 in
934 2779 1040 2846 fabula
1063 2799 1118 2846 sua
1140 2778 1251 2849 habere

159 2906 219 2952 non
240 2887 359 2970 potuit:
382 2887 556 2968 eligendum
578 2889 606 2952 ei
628 2889 694 2953 erat
715 2889 796 2953 iuter
812 2889 991 2970 Tetrapolin
1006 2887 1248 2969 (Marathonem)

160 2996 191 3058 et
211 2995 356 3060 Athenas,
403 2995 513 3062 Utrum
535 2998 639 3060 autem
661 2998 767 3062 urbem
790 2996 923 3090 etegerit,
946 2997 1053 3062 dicant
1075 2996 1209 3078 primum
1227 2995 1251 3057 ii

160 3101 213 3183 qui
235 3101 292 3166 hac
314 3103 351 3167 de
370 3121 402 3166 re
416 3104 612 3185 scripserunt.
646 3105 825 3170 Welckerus
840 3105 962 3172 Graecia
980 3105 1074 3188 Τνση.
1090 3104 1123 3168 Π
1135 3123 1165 3186 p.
1175 3103 1249 3168 709:

160 3209 247 3292 „Der
270 3208 352 3274 Odor
376 3210 488 3276 δεελελί
509 3233 567 3277 cos
588 3213 707 3279 ditarem
722 3213 894 3296 Mdrcoerrc,
917 3213 968 3279 die
987 3235 1028 3278 ιιι
1050 3213 1110 3279 δικ
1124 3211 1251 3278 Sedato-

72 3399 79 3416 ·
155 3318 315 3397 sistendas
342 3341 394 3386 om
414 3319 526 3389 Altera
555 3323 608 3388 des
633 3322 712 3388 Zeus
733 3323 878 3408 Aporidos
903 3323 944 3389 ῖνι
965 3321 1171 3388 Marathon
1196 3342 1250 3386 ιιι·

158 3429 440 3512 εσανικαιηοῖααίεκ
473 3429 576 3497 stad.“
636 3432 822 3514 Hartungus
855 3433 928 3498 Eur.
961 3432 1033 3498 rest.
1065 3432 1081 3497 Ι
1111 3450 1140 3512 p.
1173 3431 1250 3495 304:

161 3537 398 3617 „Marathone
429 3539 462 3603 in
492 3540 687 3623 Tetrapolide
715 3559 805 3606 scena
836 3540 986 3608 dramatis
1019 3539 1248 3604 constituitur.“

160 3645 322 3726 Pflughius
347 3648 442 3729 praef.
464 3648 587 3715 Heracl.
609 3669 638 3732 p.
656 3651 712 3716 12:
736 3649 916 3732 „Euripides
937 3649 1089 3732 supplices
1111 3646 1151 3712 ad
1173 3641 1252 3722 Διὸς

159 3745 313 3836 ἀγοραίου
344 3749 458 3839 βωμὸν
490 3758 661 3824 consedisse
696 3759 786 3848 dicit,
819 3759 872 3842 qui
904 3758 1125 3826 Marathone
1154 3756 1251 3820 tuisse

159 3863 315 3944 putandus
330 3865 384 3928 est.
422 3864 504 3930 Nam
524 3884 558 3930 eo
578 3849 655 3944 loco,
677 3867 713 3930 ut
727 3865 898 3949 loquuntur
911 3865 1111 3950 grammatici
1124 3865 1250 3942 veteres,

160 3963 180 4052 ἡ
203 3969 302 4054 σκηνὴ
325 3971 383 4036 τοῦ
406 3965 569 4055 δράματος
591 3967 770 4054 ὑπόκειται,
794 3974 875 4058 quod
891 3974 980 4040 docet
994 3993 1024 4038 v.
1038 3975 1078 4038 32
1094 3977 1124 4038 et
1137 3993 1166 4038 v.
1178 3972 1259 4036 80.“·

261 4079 377 4146 Tamen
406 4081 517 4147 falsam
546 4101 609 4148 esse
634 4083 714 4150 hanc
739 4083 923 4150 seutentiam
950 4101 1153 4166 scaenamque
1180 4080 1252 4144 dra·

162 4187 256 4251 matis
288 4192 327 4255 ah
359 4191 506 4276 Euripide
537 4191 693 4256 Athenis
725 4192 928 4257 constitutam
955 4191 1049 4257 fuisse
1079 4209 1133 4274 pro
1167 4189 1250 4254 certo

161 4291 269 4359 habeo.
312 4296 476 4363 Mittamus
496 4298 630 4380 primum
650 4299 710 4363 duo
732 4299 919 4374 testimonia,
942 4318 1021 4381 quae
1035 4297 1196 4380 Pflughius
1211 4294 1259 4364 ad.
