3170 5134
790 472 825 529 68

264 664 485 713 commemoro:
509 644 656 728 quattuor
678 639 747 710 dum
772 663 915 726 personas
938 664 1062 728 prorsus
1082 637 1286 728 supervacuas
1306 647 1355 711 in·

236 754 239 762 '
264 755 393 834 duxisse,
417 754 621 838 Tyndareum,
640 753 800 837 Pyladem,
815 754 1027 833 Hermionam,
1050 755 1355 838 Phrygem1).Haec

264 862 363 947 igitur
386 861 491 928 tabula
510 862 579 928 fusa
602 864 649 926 est
671 881 768 945 neque
792 861 831 928 ad
858 864 935 928 artis
960 864 1042 944 leges
1066 865 1239 930 eleborata:
1273 864 1355 928 idem

262 971 323 1038 diei
344 970 446 1056 potest
477 971 515 1036 de
547 971 685 1064 prologo.
734 971 849 1054 Incipit
881 972 962 1037 enim
984 972 1107 1038 Electra
1129 972 1245 1037 Orestis
1276 973 1355 1037 lecto

262 1078 399 1144 assidens
421 1098 439 1144 a
460 1079 615 1146 sententia
637 1079 714 1145 satis
734 1079 790 1144 vili
812 1081 842 1144 et
864 1079 1042 1145 decantata:
1064 1079 1185 1145 nullum
1205 1099 1269 1144 esse
1290 1099 1356 1144 ma·

263 1188 339 1266 lum,
361 1187 444 1270 quod
465 1207 526 1254 non
549 1187 711 1270 patiantur
730 1188 877 1253 homines,
918 1187 1017 1268 Quam
1032 1191 1068 1252 ut
1082 1189 1199 1271 probet,
1221 1188 1354 1270 exemplo

264 1296 365 1364 utitur
387 1295 522 1362 auctoris
545 1296 666 1380 generis
688 1295 745 1375 sui,
769 1295 905 1374 Tantali,
928 1315 947 1360 a
968 1315 1028 1378 quo
1047 1315 1100 1379 per
1114 1298 1222 1361 atavos
1237 1297 1268 1360 et
1282 1312 1354 1360 avos

262 1406 403 1472 suamet
428 1404 544 1471 Orestis
575 1406 726 1488 originem
749 1404 873 1470 deducit
903 1403 945 1488 (v.
970 1403 1093 1488 1-27).
1147 1404 1207 1471 Sed
1236 1405 1268 1468 in
1296 1403 1354 1468 hac

261 1516 327 1598 ipsa
351 1514 472 1598 prologi
494 1515 582 1596 parte
604 1515 676 1579 sunt
699 1533 777 1596 quae
802 1514 925 1579 silentio
947 1514 1113 1596 praeterire
1143 1531 1203 1578 non
1231 1512 1354 1594 possim.

262 1621 437 1690 Haeserunt
466 1621 548 1687 enim
579 1622 640 1687 riri
672 1623 755 1687 docti
787 1624 820 1688 in
850 1623 950 1688 verbis
984 1641 1013 1688 v.
1038 1624 1062 1687 ,4
1095 1618 1173 1685 κοόκ
1209 1613 1353 1700 ὀνειδίζω

262 1724 366 1812 τύχας.
410 1730 511 1812 Quam
537 1732 668 1814 protulit
690 1732 887 1798 Hermannus
911 1730 1196 1814 interpretationem
1223 1749 1305 1809 „non
1327 1729 1354 1794 ei

262 1839 408 1923 exprobro
424 1840 604 1906 fortunam‘
619 1842 650 1906 et
671 1861 690 1906 a
711 1859 801 1906 sensu
816 1841 847 1906 et
862 1861 880 1906 a
895 1841 996 1907 verbis
1015 1839 1172 1923 repudiari
1190 1840 1355 1912 existumo;

263 1948 467 2014 necessarium
491 1950 572 2016 enim
595 1951 671 2027 erat,
694 1950 720 2014 si
743 1950 818 2016 haec
839 1949 939 2015 dicere
959 1949 1107 2014 voluisset
1127 1949 1225 2036 poeta,
1247 1948 1284 2011 ut
1300 1946 1355 2012 ad-

260 2055 351 2122 'deret
384 2047 481 2143 αὐτῷ.
536 2057 642 2123 Weilii
678 2058 781 2122 autem
812 2057 1026 2140 interpretatio
1059 2041 1218 2136 „Electra
1235 2054 1381 2120 dictare·

264 2164 373 2247 pu'etle
397 2185 437 2231 ae
459 2165 552 2248 parte
575 2168 666 2247 potet
694 2167 779 2232 ainsi
797 2187 864 2248 por
887 2167 1062 2232 serenand‘
1083 2185 1102 2230 a
1124 2165 1249 2230 notione
1272 2164 1355 2229 verbi

263 2263 429 2354 ὀνειδίζειν
459 2275 612 2340 abhorret.
656 2273 753 2339 Pauci
779 2293 852 2338 sane
881 2273 942 2339 loci
971 2275 1054 2350 sunt,
1087 2274 1199 2356 quibus
1227 2273 1354 2338 verbum

263 2369 430 2463 ὀνειδίζειν
450 2383 649 2466 coniungitur
671 2401 741 2447 cum
759 2383 936 2449 accusativo
958 2383 1002 2448 rei
1024 2383 1136 2448 omisso
1159 2383 1264 2448 dativo
1286 2401 1354 2465 per-

263 2507 369 2567 sonam
390 2490 435 2556 ibi
458 2492 614 2556 notionem
637 2492 729 2556 habet
751 2494 861 2573 „turpe
883 2492 932 2557 vel
953 2492 1071 2556 malum
1090 2490 1209 2574 aliquid
1224 2491 1353 2556 dicend‘.

263 2597 391 2664 Praeter
411 2599 494 2664 hunc
514 2601 653 2680 nostrum
677 2600 759 2682 apud
782 2600 960 2683 Euripidem
986 2602 1048 2665 tres
1073 2601 1188 2666 inveni.
1231 2600 1354 2664 Primus
1414 2583 1427 2604 ⁸

261 2705 377 2788 legitur
397 2726 427 2772 v.
439 2708 488 2773 85.
522 2708 658 2790 Rogavit
673 2709 829 2774 Electram
843 2708 962 2774 Helena
984 2709 1059 2792 quid
1082 2710 1113 2775 et
1131 2709 1187 2773 illa
1209 2709 1239 2773 et
1255 2707 1351 2772 frater

263 2815 377 2898 ageret.
419 2816 488 2882 Iam
509 2817 672 2900 respondet
691 2818 825 2883 Electra:

411 2943 482 3031 dyo)
504 2946 574 3031 μὲν
598 2939 722 3026 ἄυπνος
742 2943 906 3034 πάρεδρος
927 2942 1036 3035 ἀθλίῳ
1056 2953 1167 3036 νεκρῷ,

411 3053 524 3142 νεκρὸς
544 3053 602 3142 γὰρ
626 3047 858 3136 advocatiam
880 3063 1017 3142 σμικρᾶς
1039 3062 1152 3146 πνοῆς,

409 3159 542 3232 θάσσω·
565 3162 611 3232 τὰ
633 3161 776 3232 τούτου
799 3168 834 3232 δ’
856 3158 914 3233 οὖν
936 3159 1083 3250 ὀνειδίζω
1102 3162 1192 3234 κακά.

262 3300 284 3364 i.
307 3317 332 3366 e.
353 3300 447 3365 huius
468 3300 614 3386 (Orestis)
635 3303 740 3366 autem
761 3302 845 3368 mala
869 3321 930 3366 non
952 3300 1198 3384 commem0r0²).
1240 3302 1354 3367 Neces-

262 3407 345 3473 sario
376 3407 526 3490 sequitur,
559 3408 596 3473 ut
623 3428 729 3475 versus
758 3408 834 3474 duos
859 3411 1053 3492 insequentes
1080 3410 1132 3474 86.
1153 3411 1203 3488 87,
1237 3411 1291 3492 qui
1313 3410 1353 3474 ad

263 3534 443 3608 responsum
464 3516 542 3582 nihil
556 3518 720 3600 pertinent,
743 3517 907 3584 deleamus.
935 3519 1048 3583 Misera
1062 3521 1136 3583 sunt
1154 3519 1352 3601 interpolatio

262 3624 409 3705 hominia,
430 3625 494 3708 qui,
517 3645 586 3691 cum
609 3629 702 3693 verba
722 3622 763 3691 τὰ
783 3621 944 3692 τούτωνδ’
960 3620 1019 3692 ota
1041 3617 1187 3709 ὀνειδίζω
1205 3622 1287 3691 κακά
1300 3647 1353 3711 per

263 3733 462 3816 parenthesin
481 3733 568 3800 diota
591 3735 833 3816 existumaverit,
859 3736 899 3801 ad
920 3738 1013 3802 verba
1034 3730 1096 3818 ἐγώ
1117 3734 1176 3818 μὲν
1197 3735 1263 3800 κτλ.
1284 3756 1353 3800 sen·

262 3841 394 3908 tantiam
418 3843 560 3909 avertis
589 3837 629 3908 cii
654 3841 691 3908 δέ
717 3845 914 3929 incipientem
941 3844 1104 3911 addiderit.
1147 3845 1237 3910 Alter
1266 3846 1353 3909 locus
1383 3895 1391 3908 .

266 4027 462 4038 ——.

368 4150 395 4218 1)
412 4150 490 4208 Haec
506 4170 589 4209 musa
606 4153 670 4222 fuit,
687 4171 738 4210 cnr
754 4172 840 4224 supra
853 4154 992 4226 Tyndarei
1009 4159 1039 4210 ct
1055 4155 1223 4210 Hermionae
1238 4155 1352 4208 nomina

262 4244 340 4300 uncia
358 4246 537 4306 includerem.

361 4343 391 4412 2)
410 4343 496 4402 Recte
513 4347 613 4402 senen:
632 4350 729 4402 σωκῦ
746 4347 779 4402 τὰ
796 4345 866 4401 mad
885 4344 987 4403 radron.
