3124 5138
176 647 266 713 iuriis
279 645 431 729 =lturipiui
461 645 604 737 adspersa
636 645 717 723 sunt,
750 643 948 710 auctoribus
971 640 1186 727 grammaticis
1207 659 1271 706 esse

177 753 400 832 animadversa,
423 753 586 837 castigata,
609 753 756 818 correcta.
800 752 847 818 Dc
868 752 945 818 locis
967 752 1072 818 autem
1098 749 1271 833 Euripideis
1354 747 1355 752 ’

177 864 217 931 ab
238 861 309 929 aliis
329 862 531 946 scriptoribus
560 861 689 944 prolatis
722 862 781 927 hoc
811 839 951 928 minime*
969 859 1194 944 neglegendum
1225 859 1272 925 est

178 991 282 1039 omnes
311 970 431 1055 praeter
458 970 556 1054 ipsius
576 968 736 1054 Euripidis
759 969 903 1054 aequales
924 969 1035 1052 legisse
1063 968 1185 1035 tabulas
1207 968 1271 1034 eius

179 1073 393 1164 interpolatis.
911 1073 915 1080 ‘
1155 1082 1164 1095 '
1229 1073 1230 1080 '

277 1187 383 1272 Atque
408 1188 503 1256 etiam
535 1206 643 1254 causas
669 1185 945 1270 interpolationum
973 1187 1004 1252 et
1026 1205 1045 1252 a
1067 1205 1127 1270 quo
1148 1186 1273 1270 potissi-

178 1319 264 1367 mum
286 1297 445 1364 hominum
468 1315 577 1381 genere
598 1297 753 1380 profectae
772 1297 949 1363 viderentur
971 1295 1078 1362 studui
1098 1296 1273 1372 enuclear03

178 1425 278 1492 neque
294 1407 360 1485 hoc,
383 1407 469 1490 puto,
490 1405 568 1472 mihi
587 1406 665 1473 vitio
679 1406 827 1485 vertetur,
849 1404 942 1490 quod,
963 1404 1018 1472 ubi
1032 1423 1081 1471 res
1094 1403 1273 1488 postulabat

178 1517 235 1582 aut
255 1517 377 1583 occasio
398 1515 525 1596 ferebat,
555 1515 679 1582 criticas
700 1533 821 1599 quoque
842 1513 939 1599 attigi
962 1513 1157 1599 quaestiones
1177 1515 1209 1580 et
1230 1514 1274 1580 si-

178 1626 268 1692 miles
283 1626 416 1692 aliorum
435 1625 576 1690 locorum
596 1624 849 1709 interpolationes
866 1624 1003 1690 nondum
1017 1623 1154 1692 detectas
1167 1622 1272 1704 attuli,

178 1737 224 1801 ita
246 1734 282 1798 ut
302 1734 329 1798 is
351 1733 405 1816 qui
424 1733 503 1800 hanc
526 1733 819 1800 commentationem
844 1732 941 1818 legat,
977 1733 1078 1800 certas
1104 1732 1273 1816 interpola·

145 1869 147 1876 ·
178 1843 300 1908 tionum
319 1841 456 1908 familias
480 1841 564 1923 lucili
586 1859 678 1924 opera
699 1841 795 1924 possit
818 1860 1006 1924 componere.

277 1950 346 2017 Iam
368 1949 452 2016 sides
473 1967 523 2015 me
544 1949 577 2014 in
591 1949 650 2014 hac
663 1949 924 2015 commentatione
939 1950 1017 2016 velle
1031 1949 1273 2034 grammaticum

178 2079 258 2136 esse;
293 2059 330 2124 ut
362 2058 460 2124 bonus
481 2057 711 2141 grammaticus
733 2057 791 2122 sim
814 2077 884 2126 cunr
913 2077 1027 2143 magno
1056 2058 1123 2125 viro
1144 2059 1273 2142 Iosepho

179 2167 471 2252 11661136166616.1
553 2203 558 2228 ι
1174 2187 1177 2194 ’

455 2338 481 2401 1.
525 2335 576 2401 De
598 2335 811 2402 Alcestidis
832 2335 997 2420 prologo.

276 2467 411 2534 Alcestis
438 2468 794 2561 tabulamentiquissima
822 2469 903 2535 inter
931 2469 1071 2568 servatas
1092 2467 1274 2553 lluripideas

178 2579 311 2644 maxime
333 2579 440 2645 castae
461 2579 492 2644 et
513 2597 636 2644 seuerae
656 2579 734 2645 artis
754 2578 876 2662 legibus
897 2577 1049 2644 adstricta
1071 2578 1126 2644 est.
1169 2575 1275 2661 Atque

178 2687 215 2751 ut
236 2687 305 2752 tota
324 2687 435 2770 pressis
456 2688 488 2754 et
509 2688 609 2754 acutis
631 2687 793 2754 sententiis
814 2687 975 2771 praecellit
990 2723 1029 2733 —
1047 2685 1273 2752 rir.iuveneris

178 2795 211 2859 in
226 2796 333 2861 ceteris
345 2795 459 2862 tabulis
472 2796 610 2863 diuerbio
624 2792 781 2881 Apollinis
796 2796 827 2862 et
842 2795 914 2862 Orci
936 2795 1039 2862 simile
1060 2832 1108 2874 -,
1135 2795 1181 2861 ita
1203 2814 1274 2879 pro·

118 2903 120 2908 '
179 2903 269 2987 logus
291 2904 376 2970 brevi
399 2904 430 2970 et
451 2904 537 2970 clara
559 2904 698 2970 oratione
720 2905 909 2988 spectatores
931 2906 968 2971 de
988 2905 1027 2970 iis
1049 2904 1156 2971 edocet
1173 2904 1273 2983 rebus,

181 3015 259 3094 qu'ae
280 3011 319 3078 ad
340 3013 465 3080 fabulae
484 3013 581 3098 ipsius
603 3013 757 3080 actionem
787 3014 1029 3098 intellegendam
1059 3014 1140 3080 scitu
1171 3032 1274 3079 neces-

179 3119 279 3185 sariae
300 3121 382 3186 sunt.
424 3121 523 3188 Facili
546 3123 651 3188 autem
673 3140 766 3205 opera
787 3123 850 3188 tres
873 3101 974 3206 partes
997 3122 1061 3189 eius
1082 3122 1156 3188 licet
1176 3121 1274 3187 inter·

179 3245 311 3294 noscere.
343 3228 380 3294 V.
402 3229 483 3295 enirn
500 3231 612 3310 1-71)
625 3231 733 3296 narrat
751 3231 873 3314 Apollo,
896 3231 1049 3315 quomodo
1071 3229 1199 3296 Admeti
1220 3228 1274 3296 do·

181 3356 265 3402 mum
281 3337 408 3416 venerit,
425 3339 527 3404 8-21
540 3337 618 3423 (qui,
634 3357 704 3405 cum
717 3339 815 3406 totius
826 3340 977 3406 dramatis
993 3341 1076 3405 actio
1090 3339 1129 3404 iis
1143 3338 1272 3418 nitatur,

181 3445 367 3528 gravissima
389 3447 462 3510 sunt
483 3447 605 3530 prologi
627 3447 722 3530 pars),
752 3448 826 3531 quid
848 3447 893 3514 ibi
914 3447 1048 3513 Admeto
1071 3446 1274 3513 et'Alcestidi

179 3553 267 3619 uxori
289 3553 445 3634 acciderit,
468 3556 593 3620 22-27
608 3575 642 3622 se
662 3555 718 3621 illa
741 3556 831 3621 domo
854 3557 1012 3622 abiturum
1034 3555 1187 3638 simulque
1202 3555 1275 3622 Orci

180 3661 349 3727 adventum
369 3664 504 3729 nuntiat.
541 3700 575 3709 —
606 3664 652 3729 De
679 3664 786 3746 paucis
812 3663 904 3730 huius
931 3665 1054 3748 prologi
1079 3663 1275 3746 interpolati·

179 3771 298 3851 onibus,
326 3790 404 3854 quas
425 3773 564 3838 homines
587 3772 676 3839 scioli
697 3773 739 3838 ad
761 3774 869 3856 poetae
890 3773 984 3839 verba
1006 3772 1197 3855 explananda
1218 3772 1274 3838 ad·

180 3878 335 3962 diderunt,
367 3879 524 3962 disputare
554 3881 751 3966 supersedeo;
786 3883 905 3964 spurios
935 3901 999 3947 esse
1031 3901 1059 3948 u.
1084 3882 1131 3946 10.
1157 3883 1204 3946 16.
1233 3881 1273 3945 27

180 3987 350 4053 1·cctissime
370 3988 482 4054 statuit
497 3989 678 4057 Wheelerus
697 3990 730 4054 in
752 3991 1013 4057 commentatione
1031 3988 1274 4072 ,DcAlccstidis

179 4096 210 4160 et
232 4095 396 4180 Hippolyti
422 4096 657 4180 Euripidearum
685 4098 986 4182 interpolationibus,
1022 4099 1270 4166 Bonnae1879“

180 4223 208 4286 p.
232 4206 270 4269 11
293 4223 350 4289 eq,
371 4206 483 4304 quitus
505 4206 580 4290 quid
604 4207 717 4273 addam
740 4227 800 4273 non
823 4209 930 4279 habeo.

189 4308 384 4325 κ*-

281 4357 307 4424 1)
326 4356 453 4413 Numeris
471 4364 536 4415 utor
554 4359 731 4416 Nauckianis.
