3124 5138
744 501 776 555 41

359 666 430 760 ἥκω
453 671 489 737 δὲ
511 668 665 760 Δελφούς
689 666 816 752 τούσδε,
844 675 901 760 γῆς
919 671 960 736 ἵν’
983 663 1141 759 ὀμφαλὸν,

210 799 304 865 quam
327 781 546 861 coniecturam,
568 783 605 848 ut
627 783 665 848 de
686 783 794 848 ceteris
816 783 1067 867 cassinensem,
1091 782 1185 848 etiam
1201 801 1305 848 versus

211 909 335 958 caesura
358 891 563 958 commendat.
579 929 618 938 —
635 892 822 975 Desperatus
844 892 983 975 sequitur
1005 891 1091 958 locus
1105 892 1177 957 inde
1192 911 1210 956 a
1225 910 1255 956 v.
1271 892 1306 967 83

211 1002 299 1066 cuius
321 1019 391 1066 curn
413 1001 513 1083 prima
536 1001 630 1066 verba
652 1001 770 1083 optima
798 1001 862 1065 sint
890 1002 921 1066 et
942 1000 1089 1083 Euripide
1111 1000 1306 1083 dignissima,

209 1111 311 1175 cetera
333 1110 373 1175 ab
393 1109 615 1192 interpolatore
642 1109 777 1175 dilatate
806 1128 870 1174 esse
895 1109 1065 1174 rectissime
1097 1108 1244 1192 cognovit
1276 1109 1309 1173 et

210 1218 354 1300 probavit
376 1219 538 1284 Usenerus.
582 1217 736 1300 Quoniam
758 1218 862 1283 autern
885 1217 986 1281 omnis
1008 1217 1140 1298 suspicio
1164 1216 1248 1280 cedit
1272 1215 1307 1280 in

210 1345 279 1392 eam
299 1327 420 1409 partem
441 1327 623 1402 sententiae,
652 1345 731 1410 quae
752 1326 880 1392 initium
902 1326 986 1408 capit
1008 1345 1027 1391 a
1047 1325 1197 1391 vocabulo
1222 1319 1307 1388 ένθα

210 1455 239 1500 v.
264 1436 312 1514 11,
335 1436 410 1501 haec
431 1436 498 1517 ipsa
520 1436 613 1501 verba
632 1434 864 1518 interpolatoris
886 1453 950 1500 esse
970 1433 1084 1500 indico.
1126 1434 1212 1498 Idem
1226 1433 1304 1498 mihi

209 1545 339 1627 probare
361 1544 484 1610 videtur
505 1544 615 1611 horum
636 1561 781 1610 versuum
798 1544 978 1620 consilium3
999 1543 1107 1626 scripti
1129 1544 1211 1609 enim
1233 1543 1306 1607 sunt

209 1653 302 1718 sicuti
325 1673 354 1717 v.
376 1654 437 1717 937
459 1641 628 1718 certissime
649 1654 780 1736 spurius,
814 1653 850 1716 ut
877 1671 970 1735 quarn
998 1651 1231 1718 accuratissime
1252 1669 1308 1732 ep·

211 1763 329 1844 pareat,
351 1780 411 1843 quo
433 1761 500 1828 loco
523 1762 636 1828 Creusa
656 1762 765 1828 Ionem
787 1762 970 1844 conceperit,
992 1761 1025 1825 id
1047 1761 1129 1844 quod
1151 1759 1232 1842 apud
1257 1777 1308 1824 eos

211 1869 407 1951 spectatores,
429 1871 483 1953 qui
494 1871 636 1935 Athenas
651 1887 713 1934 non
727 1872 887 1950 noverant,
908 1869 1112 1934 necessarium
1127 1867 1306 1932 videbatur:

212 1977 453 2044 Atheniensibus
474 1979 505 2044 et
519 1998 548 2043 v.
564 1978 626 2042 936
640 1978 671 2043 et
691 1977 796 2041 nostro
817 1976 885 2042 loco
902 1969 1087 2061 Κεκρόπιαι
1102 1973 1219 2056 πέτραι
1241 1975 1306 2039 suf·

210 2085 365 2152 ficiebant.
409 2086 520 2170 Itaque
545 2103 601 2167 ego
623 2085 803 2170 Euripidem
832 2086 904 2168 post
929 2104 958 2150 v.
983 2085 1022 2150 10
1050 2083 1095 2149 sic
1121 2083 1184 2149 fere
1204 2102 1307 2166 perre-

209 2196 288 2261 xisse
310 2196 400 2278 puto:

391 2303 449 2390 βίᾳ
471 2301 641 2386 Κρέουσαν
663 2302 866 2389 Κεκροπίαις
888 2302 1024 2386 πέτραις
1044 2298 1120 2368 ὕπο.

209 2411 314 2478 Etiam
334 2411 495 2494 insequens
517 2411 669 2477 sententia
700 2411 742 2492 (v.
763 2411 899 2492 14-27)
921 2410 1155 2494 amplificatoris
1178 2430 1304 2476 manum

208 2521 332 2602 experta
354 2520 416 2595 est;
440 2519 544 2584 tamen
566 2520 702 2602 genuina
723 2537 818 2602 paene
839 2521 922 2584 certo
950 2521 1111 2586 restituere
1131 2521 1214 2585 licet.
1259 2521 1306 2585 Ac

209 2628 343 2710 primurn
367 2628 491 2711 quidem
513 2628 641 2693 minime
662 2628 791 2694 tolerari
810 2630 939 2710 possunt
960 2629 1021 2696 duo
1052 2629 1173 2695 obiecta
1200 2647 1305 2694 versus

211 2738 250 2803 16
265 2736 422 2801 παῖόα-
435 2734 569 2822 βρέφος,
594 2737 728 2802 alterurn
750 2736 925 2822 participio,
948 2736 1081 2804 alterurn
1102 2739 1194 2804 verbo
1216 2737 1305 2802 finito
1434 2745 1437 2752 “

208 2846 360 2912 additum.
404 2847 478 2912 Noli
505 2847 615 2912 efferre
641 2845 764 2912 fabulae
792 2847 915 2912 nostrae
936 2866 965 2913 r.
988 2847 1068 2911 1597
1089 2864 1149 2929 sq.:
1183 2842 1305 2911 ineld’

210 2949 334 3033 ἔτικτες
354 2950 467 3020 τόνδε
488 2954 614 3020 παῖδα
635 2946 789 3020 κάπέθου
806 2952 840 3030 ἐν
858 2949 1103 3038 σπαργάνοισιν,
1125 2948 1305 3037 ἁρπάσαντ’

209 3062 242 3142 ἐς
253 3057 392 3148 ἀγκάλας
399 3059 518 3151 Ἑρμῆν
528 3055 651 3129 κελεύει
663 3063 759 3147 δεῦρο
771 3065 988 3149 πορθμεῦσαι
1000 3063 1122 3151 βρέφσ
1131 3087 1161 3141 ςε
1175 3083 1306 3148 magnus

209 3174 291 3239 enim
312 3174 379 3240 illio
401 3173 567 3239 intercedit
580 3173 801 3238 vocabulorum
823 3191 978 3256 numerus,
1001 3193 1099 3256 neque
1119 3175 1213 3239 nexae
1235 3173 1308 3238 sunt

209 3283 381 3350 sententiae
413 3281 587 3367 participio,
619 3283 671 3348 sed
704 3283 962 3364 coniunctione).
1017 3283 1132 3348 Mirum
1155 3283 1307 3366 quantum

214 3391 370 3458 claudicat
400 3411 430 3458 r.
455 3393 494 3458 18
525 3389 689 3475 Κρέουσα,
725 3392 840 3458 falsum
869 3393 916 3457 est
946 3393 978 3456 et
1005 3392 1072 3457 illic
1095 3393 1176 3457 etv.
1200 3392 1239 3455 27
1263 3385 1308 3468 ὠς

213 3493 419 3582 θανούμενον
449 3499 680 3586 (θανουμένῳ).
725 3502 832 3584 Neque
859 3501 940 3566 enim
963 3502 1000 3566 ut
1029 3501 1182 3566 moriatur
1207 3500 1306 3564 filium

134 3619 140 3631 ’
214 3607 327 3674 Creusa
339 3610 472 3692 exponit,
496 3611 546 3676 sed
570 3612 606 3674 ut
621 3611 661 3676 ab
676 3610 821 3692 Apolline
836 3611 976 3674 servetur
991 3609 1075 3690 (vide
1090 3629 1114 3675 e.
1131 3628 1162 3692 g.
1181 3628 1210 3673 v.
1223 3607 1307 3692 965).

209 3717 254 3782 st
276 3737 346 3783 cum
368 3719 453 3800 prior
473 3739 544 3802 pars
566 3720 736 3785 sententiae
756 3719 978 3784 additamentis
993 3717 1179 3802 quibusdem
1193 3717 1308 3782 intem-

212 3825 339 3909 pestivis
361 3826 463 3892 ditate
485 3829 536 3903 sit,
558 3829 592 3893 in
613 3829 780 3911 posteriorc
802 3827 873 3894 inde
895 3847 913 3892 a
935 3847 965 3893 u.
982 3829 1023 3892 20
1038 3845 1076 3892 ne
1091 3826 1219 3892 verbnm
1238 3826 1308 3910 qui-

151 3923 161 3944 '
208 3927 500 4017 dem'lluripideum
523 3936 621 4002 inesse
644 3937 774 4003 affirmo.
819 3937 864 4004 Ut
888 3935 1023 4018 primum
1051 3954 1099 4002 res
1127 3936 1306 4011 tractemus

208 4043 348 4108 dicturus
370 4043 417 4107 est
437 4043 642 4125 interpolator
665 4043 811 4109 Creusam
839 4061 932 4125 puero
961 4043 1091 4108 monilia
1119 4043 1307 4126 serpentium

208 4151 307 4234 specie
327 4150 479 4228 induisse;
500 4151 534 4216 in
556 4151 693 4217 canistro
715 4152 790 4218 haec
813 4150 940 4217 infuisse
962 4151 1109 4218 discimus
1132 4150 1305 4217 ev.1427.

311 4385 338 4458 1)
357 4385 399 4442 De
417 4385 521 4441 Phoen.
540 4387 574 4438 22
593 4385 655 4440 side
673 4385 756 4442 infra.
