3124 5138
690 423 725 482 3¹3

158 598 372 664 censebimus?
407 599 472 664 Aut
497 597 632 665 mutavit
655 601 769 682 aliquis
790 600 882 683 verba
903 599 1069 682 Euripidae
1094 600 1148 665 aut
1163 620 1192 666 u.
1204 600 1254 666 26.

120 765 123 782 ,
158 709 198 772 27
220 705 351 773 addidit.
395 709 488 772 Nunc
514 708 637 790 quidem
664 708 799 791 priorem
827 709 1013 774 sententiam
1041 711 1159 773 rectam
1192 725 1255 774 esse

157 817 270 882 iudico.
315 817 399 882 Bene
421 817 502 881 enim
524 817 601 881 mihi
623 817 746 882 videtur
770 817 933 882 adnotasse
955 817 1137 882 scholiasta:
1166 817 1256 898 ξένος

158 927 332 1011 πατρῷος·
355 923 389 989 ἐν
410 921 560 1012 εἰρωνείᾳ
582 916 657 990 εἶπε
687 926 777 1007 ξένος
802 933 964 1012 πατρῷος,
1003 915 1076 1015 ἤτοι
1098 920 1115 991 ὁ
1139 949 1256 1008 πατρι-

158 1029 215 1112 κός
235 1058 300 1116 μου
322 1033 434 1120 φῖλος;
459 1053 557 1118 nequa
578 1035 819 1101 facileferimus
840 1037 953 1101 omissa
975 1037 1068 1102 verba
1090 1031 1134 1110 εἷς
1155 1027 1253 1116 οἶδμα

157 1140 234 1221 ἁλὸς
253 1146 408 1230 μεθῆκεν,
431 1145 464 1209 in
487 1145 599 1227 quibus
622 1145 699 1209 nihil
722 1147 848 1210 omnino
872 1145 1047 1210 offensionis
1061 1146 1116 1210 est.
1143 1145 1253 1226 ltaque

158 1255 203 1318 sic
223 1253 286 1318 fere
307 1253 382 1336 puto
405 1253 583 1335 Euripidem
606 1253 686 1318 hanc
708 1253 893 1318 conclusisse
914 1253 1114 1318 sententiam:

269 1363 309 1426 26
352 1359 443 1442 ξένος
464 1363 618 1446 πατρῷος
639 1361 693 1425 καὶ
713 1362 838 1446 μεθῆκ’
861 1359 893 1438 ἐς
916 1352 1003 1443 οἶδμ’
1025 1355 1112 1438 ἁλός.

159 1471 219 1538 Sed
239 1472 440 1554 procedamus
462 1471 502 1536 ad
528 1490 632 1536 versus
660 1472 864 1555 insequentes,
901 1472 1012 1554 quibus
1043 1471 1181 1536 maculas
1207 1471 1257 1536 in-

159 1582 283 1646 haerere
304 1581 381 1645 mihi
404 1598 583 1661 persuasum
605 1581 660 1644 ost.
697 1581 743 1644 Ac
765 1581 898 1661 primum
923 1580 1047 1662 quidem
1063 1580 1151 1645 nobis
1166 1580 1256 1644 valde

159 1690 311 1772 displicet,
335 1687 418 1770 quod
439 1688 612 1771 Polydorus
635 1688 785 1753 vocabulo
806 1691 915 1769 κεῖμαι
938 1709 967 1753 v.
990 1689 1030 1752 28
1051 1707 1169 1770 corpus,
1205 1707 1256 1754 vo-

161 1798 270 1863 cabulo
294 1788 400 1861 atauo
422 1817 450 1862 v.
474 1799 512 1862 31
536 1798 673 1862 animam
696 1815 783 1864 suam
812 1798 969 1880 significat
995 1797 1125 1862 subiecti
1153 1798 1256 1862 muta·

159 1904 244 1970 tione
265 1903 351 1970 nullo
373 1904 464 1970 modo
486 1905 634 1968 indicata.
678 1903 749 1969 Scio
772 1904 943 1970 Homerum
966 1905 1090 1987 quidem
1116 1924 1177 1970 non
1205 1925 1256 1970 ao-

112 2061 122 2089 ,
161 2014 266 2078 curate
287 2012 463 2078 distinxisse
485 2013 567 2078 inter
590 2030 699 2094 corpus
723 2013 753 2077 et
776 2013 924 2086 animam,
950 2013 988 2076 cf.
1005 2014 1085 2077 11¹71
1099 2033 1144 2096 sq.
1165 2013 1257 2094 tlt,

159 2121 241 2204 apud
263 2121 401 2204 tragicos
423 2120 501 2185 nihil
523 2120 626 2186 simile
646 2121 774 2203 repperi.
822 2121 923 2186 Verba
947 2122 1052 2186 autern
1077 2121 1160 2205 σῶμ’
1185 2121 1257 2207 ε’ρη·

158 2223 273 2313 μώσας
292 2224 371 2312 ε’μόν
392 2247 453 2296 nou
477 2230 606 2313 possunt
633 2230 782 2312 intellegi,
806 2231 866 2294 nisi
892 2231 960 2296 arte
984 2231 1154 2314 coniungas
1187 2249 1255 2296 cnm

160 2360 190 2405 v.
216 2343 267 2406 33.
299 2340 340 2404 34
373 2340 430 2405 hoo
464 2354 569 2403 sansn:
606 2355 748 2418 ,corpore
774 2355 842 2402 meo
864 2337 977 2403 excessi
1008 2335 1042 2422 (i.
1065 2357 1089 2403 e.
1116 2338 1258 2403 mortuus

160 2449 286 2530 sum)¹),
317 2447 467 2531 quamdiu
488 2448 588 2512 mater
610 2465 679 2512 mea
700 2448 733 2510 in
754 2447 814 2512 hac
835 2447 919 2512 icrrc
940 2447 1056 2512 adest.“
1102 2446 1153 2512 Sic
1175 2447 1257 2512 ultro

160 2557 334 2640 exploditur
355 2573 383 2622 v.
407 2557 447 2620 32

390 2667 538 2749 τριταῖον
558 2653 619 2753 ἤδη
641 2663 759 2750 φέγγος
780 2658 1017 2747 αἰωρούμενος,

162 2774 215 2857 qui
237 2773 361 2856 insuper
382 2774 503 2856 pugnat
518 2791 589 2837 cum
604 2791 633 2836 v.
651 2775 678 2849 1,
700 2789 761 2854 quo
777 2772 925 2855 Polydori
946 2772 1058 2837 umbra
1080 2774 1165 2852 tuno,
1186 2791 1257 2837 eum
1297 2821 1298 2826 η

161 2884 324 2965 prologum
336 2881 458 2965 recitat,
473 2901 508 2946 ex
520 2880 599 2948 Orco
614 2897 646 2944 se
657 2879 819 2961 procedere
832 2880 918 2945 dicit.
940 2881 1056 2964 Magno
1070 2883 1173 2947 autem
1187 2900 1255 2946 oum

162 2991 276 3073 gaudio
298 2990 473 3073 relegimus,
507 2988 589 3070 quod
613 2987 766 3052 Porsonus
797 2988 942 3054 adhunc
968 3007 1091 3053 versum
1114 2990 1257 3056 adnotat:

162 3098 264 3178 „Mira
285 3099 401 3163 locutio
416 3101 562 3180 τριταῖον
576 3095 694 3183 φέγγος
709 3117 763 3180 pro
779 3098 912 3181 simplici
927 3096 1045 3180 τρίτον.
1070 3099 1138 3168 llno
1154 3100 1258 3163 tamen

161 3207 296 3290 exemplo
319 3225 351 3272 se
371 3206 435 3289 ipse
450 3207 611 3288 Euripides
625 3206 772 3286 defendit,
794 3207 888 3288 Hipp.
905 3226 932 3271 v.
950 3208 1041 3272 275.“
1065 3207 1109 3272 At
1124 3207 1259 3272 ostendit

161 3315 341 3382 Wheelarus
356 3317 377 3380 l.
393 3314 412 3380 l.
428 3335 457 3398 p.
473 3316 513 3380 50
529 3316 568 3380 ab
589 3315 811 3398 interpolatore
833 3317 1005 3398 profectum
1028 3335 1091 3380 esse
1107 3315 1197 3380 illum
1212 3317 1259 3380 lo·

162 3443 240 3490 cum.
280 3425 449 3508 Nunquam
471 3425 570 3508 igitur
592 3425 755 3507 Euripides
776 3427 835 3492 hac
857 3426 947 3490 istius
969 3426 1112 3490 vocabuli
1135 3425 1258 3490 notione

161 3552 234 3598 usus
249 3532 335 3617 osor).
367 3535 456 3600 Unde
478 3537 583 3600 autem
606 3535 773 3617 sumpserit
794 3535 998 3617 interpolator
1021 3535 1092 3600 illos
1107 3535 1170 3598 tres
1185 3533 1258 3612 dies,

161 3643 302 3726 equidem
324 3663 385 3708 non
408 3643 506 3710 video.
529 3679 570 3690 —-
592 3644 654 3716 Sed
675 3645 780 3709 manet
794 3645 896 3709 adhuc
912 3663 947 3708 ea
961 3643 1141 3721 difficultas,
1165 3661 1259 3725 quam

160 3751 259 3817 inesse
280 3750 382 3817 verbis
402 3755 512 3833 κεῖμαι
527 3755 558 3817 et
571 3743 680 3817 αῖοοω
700 3771 792 3834 supra
811 3753 1102 3817 demonstravimus.
1130 3751 1260 3816 Accedit

161 3858 270 3938 altera,
291 3861 378 3924 cuius
399 3879 447 3924 me
468 3860 704 3924 commonefecit
726 3859 888 3939 Usenerus,
915 3864 1094 3943 praeceptor
1116 3861 1259 3925 doctissi-

250 4118 288 4188 ·1)
315 4117 360 4176 Sic
387 4120 629 4190 interpretandum
657 4139 716 4178 esse
745 4123 837 4176 locum
865 4125 1057 4192 cognoverunt
1077 4109 1170 4176 'schol
1200 4120 1260 4174 cod.

162 4212 247 4270 Marc.
267 4220 296 4270 st
314 4215 378 4272 Vat.
398 4218 527 4272 Getarum
546 4219 581 4272 cf.
600 4218 670 4274 Plat.
691 4219 771 4289 Rsip.
790 4219 815 4272 V
834 4237 861 4288 p.
879 4219 958 4273 469⁶.

261 4314 289 4384 2)
306 4313 455 4370 Diversum
474 4320 516 4370 est
534 4316 579 4369 El.
601 4318 649 4369 171
670 4323 791 4390 ιριιιιίαν
809 4323 920 4386 &actm
940 4316 974 4372 cf.
994 4315 1060 4370 Her.
1079 4316 1117 4369 VI
1139 4315 1197 4368 120.

1037 4414 1053 4466 8
