3170 5134
735 475 786 527 10⁷

216 645 378 729 mologiae,
410 644 639 728 mythologicae
659 645 801 725 notitiae,
823 662 901 729 quas
923 663 952 726 p.
976 643 1036 708 103
1057 643 1266 726 congessimus
1276 641 1309 727 ι).

214 754 401 837 Plerumque
431 753 478 819 ita
507 754 646 820 intrusae
676 755 751 820 sunt
778 754 812 818 in
838 752 932 819 verba
963 752 1080 835 poetae,
1114 753 1151 817 ut
1180 751 1310 820 eximere

215 863 330 946 possis3
351 862 451 928 rarius
467 854 632 945 lluripidea
653 863 822 928 immutata
844 864 876 928 et
898 860 1032 928 dilatata
1049 862 1131 941 sunt,
1154 862 1191 926 ut
1204 862 1309 946 spuria

218 991 236 1038 a
257 971 400 1054 genuinis
423 973 505 1038 certo
528 972 652 1055 quidem
674 991 815 1056 separare
836 990 897 1037 non
921 969 1022 1036 liceat.
1065 970 1168 1036 Huius
1200 971 1311 1055 speciei

216 1080 375 1146 luculenta
385 1081 522 1164 exempla
533 1082 655 1147 exstant
666 1081 764 1147 Andr.
776 1081 900 1147 49-55
913 1079 965 1161 (of.
979 1099 1008 1162 p.
1024 1080 1064 1143 27
1074 1078 1142 1162 sq),
1167 1081 1232 1146 Ion.
1248 1083 1309 1146 8-

216 1190 264 1255 19.
286 1189 411 1254 36-40
443 1189 495 1267 (oi.
519 1210 550 1272 p.
570 1191 609 1254 41
634 1190 710 1274 sq),
746 1190 861 1256 Phoen.
890 1191 1014 1256 21-23
1046 1187 1098 1273 (of.
1125 1208 1154 1272 p.
1178 1191 1218 1255 66
1240 1192 1309 1273 sq).
1437 1190 1440 1196 '

215 1298 396 1364 Necessario
416 1299 476 1364 hac
494 1299 753 1382 interpolatorum
776 1317 868 1382 opera
882 1298 977 1365 etiam
1002 1317 1126 1382 prorsus
1145 1299 1310 1381 absumpta

215 1408 288 1473 sunt
309 1409 402 1474 verba
423 1409 574 1491 genuina3
595 1411 724 1476 lacunas
744 1409 850 1476 autem
863 1409 895 1474 in
911 1408 1047 1491 prologis
1069 1407 1243 1490 Euripideis
1261 1407 1310 1472 in·

217 1515 316 1581 veniri
336 1516 478 1600 equidem
500 1535 562 1582 non
583 1517 670 1600 puto.

297 1623 528 1710 ¹Histriqnes
557 1625 703 1709 duplici
735 1624 843 1690 modo
876 1625 1064 1708 prologis
1096 1623 1308 1708 Euripideis

216 1734 436 1798 nocuerunt:
470 1733 729 1800 additamenta
756 1733 940 1799 intrusere
962 1732 1100 1799 autad
1124 1751 1307 1799 scaenam

215 1841 379 1908 fabulae
418 1842 707 1909 immutandam
742 1843 812 1908 aut
846 1841 893 1909 ad
930 1832 1074 1918 πάθος
1114 1840 1308 1908 sermonis

216 1951 433 2034 augendum.
872 1985 979 2032 «Ἣ

315 2059 353 2126 In
374 2060 523 2143 quattuor
549 2058 720 2142 tragoediis
746 2058 901 2124 scaenicas
923 2058 1112 2124 mutationes
1139 2060 1236 2126 fecere
1261 2057 1309 2123 hi-

218 2168 366 2234 striones:
388 2168 626 2236 Heraclidemm
647 2167 785 2234 fabulam
807 2167 1001 2248 Marathone,
1022 2186 1083 2232 non
1104 2166 1237 2233 Athenis
1258 2166 1310 2248 agi

218 2277 385 2342 voluerunt
404 2277 645 2362 (interpolaumt
660 2297 689 2343 v.
707 2278 758 2342 31.
773 2279 823 2342 32.
843 2278 976 2342 34-37.
995 2279 1048 2360 393
1071 2276 1109 2342 ef.
1133 2296 1163 2358 p.
1187 2277 1308 2358 eosq),

216 2384 362 2451 Hecubae
384 2385 574 2470 Polydorum
596 2386 777 2469 pendentem
799 2386 832 2450 in
859 2403 980 2460 scaena,
1012 2403 1074 2450 non
1094 2384 1309 2469 procedentem

215 2494 355 2560 fecerunt
375 2495 498 2578 (interp.
520 2515 550 2561 v.
567 2496 705 2572 28-34;
727 2495 765 2560 ef.
781 2515 809 2577 p.
822 2497 861 2560 33
873 2495 942 2578 sq),
965 2496 998 2560 in
1015 2493 1148 2561 Bacchis
1169 2493 1308 2560 scaenico

216 2604 381 2688 apparatui
402 2603 558 2671 fumantes
573 2605 695 2672 aedium
711 2605 844 2672 Semeles
858 2606 963 2672 ruinas
978 2604 1164 2672 addiderunt
1184 2603 1309 2688 (interp.

215 2734 246 2780 v.
268 2715 364 2793 6-93
388 2714 426 2779 cf.
446 2734 475 2797 p.
499 2715 538 2779 75
560 2717 628 2798 sq),
657 2715 785 2780 chorum
808 2714 889 2780 eirca
907 2713 1000 2780 finem
1019 2715 1141 2798 prologi
1162 2713 1218 2798 (an
1239 2731 1309 2778 cum

217 2821 378 2905 Bacchei)
401 2822 434 2887 in
455 2840 597 2888 scaenam
612 2823 765 2889 duxerunt
781 2822 946 2906 (interpr.
959 2820 1108 2908 55-63),
1131 2823 1310 2907 Iphigeniae

217 2931 395 2998 Aulidensis
422 2931 687 3015 Agamemnonem
718 2949 789 2997 eum
817 2949 887 2997 sene
910 2931 943 2996 in
964 2949 1074 2997 scaena
1096 2931 1230 3016 colloqui
1256 2949 1309 2997 vo-

216 3039 342 3106 luerunt
369 3039 493 3122 (interp.
518 3058 547 3105 v.
574 3039 884 3121 1-48.115-1oe;
917 3040 956 3105 ef.
983 3060 1013 3122 p.
1035 3040 1076 3105 84
1094 3038 1164 3124 sq).
1206 3040 1310 3124 Atque

216 3149 326 3214 iisdem
346 3148 410 3212 illis
431 3146 567 3231 prologis
584 3148 678 3214 verba
700 3140 938 3232 addovgplsna
957 3149 1170 3215 annexuerunt
1182 3148 1310 3215 histrio-

217 3276 279 3337 nes,
302 3257 414 3341 quibus
435 3275 564 3338 persona
585 3253 825 3341 προλογίζουσα
849 3258 1061 3341 insequentem
1084 3258 1309 3342 alloqueretur:

216 3365 454 3432 Heraclidarum
476 3367 603 3450 prologo
623 3386 653 3432 v.
665 3366 799 3446 52-54,
824 3365 970 3433 Hecubae
989 3366 1118 3450 prologo
1132 3387 1162 3433 v.
1174 3367 1308 3448 55-58,

217 3475 412 3540 Baccharum
433 3475 561 3560 prologo
579 3496 608 3542 v.
624 3477 757 3558 55-63,
777 3475 959 3560 Iphigeniae
980 3475 1160 3542 Aulidensis
1182 3474 1308 3558 prologo

218 3582 363 3665 (mutatis
383 3585 484 3650 verbis
505 3584 692 3669 Euripideis)
712 3603 742 3652 v.
766 3585 937 3650 loe-114.
977 3585 1110 3669 ligregie
1131 3585 1235 3649 autem
1256 3602 1309 3650 ac·

217 3691 294 3756 cidit
314 3692 354 3756 ad
376 3693 560 3759 sententiam
578 3712 678 3759 meam
701 3693 738 3759 de
761 3692 909 3759 scaenicis
928 3691 1219 3776 interpolationibus
1239 3710 1310 3774 pro-

217 3800 362 3886 bandam,
384 3802 420 3866 ut
437 3801 600 3868 histriones
622 3821 672 3869 eos
694 3803 776 3887 ipsos
798 3801 950 3886 prologos,
972 3802 1084 3886 quibus
1106 3820 1216 3868 manus
1237 3820 1309 3868 suas

216 3911 409 3994 impudentes
437 3910 660 3993 imposuemnt,
693 3911 755 3978 ista
776 3901 974 3998 ἀποστροφῇ
1002 3911 1091 3995 quasi
1119 3911 1224 3995 sigillo
1253 3929 1308 3977 suo

217 4021 382 4087 munirent.

318 4225 342 4292 1)
361 4224 441 4278 Adde
459 4223 540 4280 Herc.
562 4225 674 4279 57-59.
712 4223 752 4278 Cf.
771 4243 799 4294 p.
818 4226 861 4279 38.

665 4394 859 4404 *—
