3170 5134
738 439 772 492 73

212 609 326 674 santur.
369 609 406 673 In
434 608 495 673 fine
520 609 642 674 Electra
670 611 705 676 ut
734 609 859 675 domum
887 628 982 699 ‘suam
1010 610 1115 675 veniat
1142 607 1299 673 Menelaus

213 717 336 799 exoptat
357 719 399 798 (r.
417 717 564 801 67-70).
599 753 638 764 -
669 717 782 783 Paucis
809 717 909 801 iisque
934 717 997 783 iam
1012 716 1156 810 'sublatis
1177 715 1300 782 addita·

212 825 324 891 mentis
345 827 402 918 hee
422 827 545 910 prologi
568 827 670 910 partes
692 826 866 893 maculatae
887 828 968 892 sunt.
1012 825 1094 892 Nam
1115 844 1145 891 v.
1168 827 1209 890 33

366 953 516 1046 Πυλάδης
537 962 575 1025 θ’
597 951 634 1039 ὃς
654 955 738 1048 ἡμῖν’
753 959 1036 1044 συγκατείργασται
1056 954 1142 1038 τάδε,
1201 957 1205 964 “

212 1093 689 1178 apertissimiinterpolationum
709 1096 829 1180 generis
850 1096 1031 1180 exemplum,
1052 1094 1171 1161 deletus
1193 1093 1239 1159 est
1260 1093 1300 1159 ab

212 1201 415 1268 Herwerdeno
426 1205 459 1284 ¹),
484 1224 514 1271 u.
535 1205 576 1269 38

390 1325 575 1418 Εὐμενίδας,
597 1332 636 1401 αἳ
653 1330 739 1401 τόνδ’
762 1334 994 1420 ἐξαμιλλῶνται
1014 1331 1120 1424 φόβῳ,

213 1487 273 1551 quo
298 1487 377 1552 quae
398 1487 460 1534 non
482 1469 610 1538 dicenda
636 1473 724 1537 erant
749 1471 904 1552 dicuntur,
936 1491 954 1536 a
975 1471 1015 1536 N.
1038 1469 1073 1536 ll.
1094 1471 1139 1538 St.
1162 1470 1179 1535 I
1200 1489 1228 1552 p.
1251 1471 1300 1535 28.

213 1577 320 1662 Neque
340 1579 432 1643 audio
456 1579 614 1664 Weilium‚
646 1580 700 1664 qui
723 1570 904 1662 Εὐμενίδας
927 1581 963 1644 ut
984 1580 1120 1663 glossam
1139 1578 1302 1645 extruden-

212 1687 286 1752 dum
314 1688 421 1770 putat:
460 1708 539 1771 quae
570 1691 715 1755 secuntur
745 1689 839 1754 verba
866 1689 900 1754 id
931 1688 1047 1754 iterant
1073 1689 1175 1771 peiore
1209 1688 1299 1753 modo
1347 1771 1349 1776 Ι

213 1796 294 1879 quod
324 1797 534 1881 unusquisque
566 1816 637 1862 oum
669 1816 741 1862 vooe
767 1790 851 1874 θεάς
884 1795 1059 1878 coniungit:
1099 1795 1227 1879 μανίαις
1252 1819 1300 1860 νιν

313 2109 337 2174 l)
356 2105 460 2161 Tamen
478 2107 564 2162 etiam
582 2125 656 2162 nuno
674 2108 749 2162 haud
766 2109 849 2178 pauni
868 2109 1003 2163 simillimi
1024 2126 1126 2172 versus,
1156 2108 1204 2177 qui
1221 2123 1300 2176 prae-

212 2201 372 2256 cedentibus
400 2203 537 2273 particula
563 2203 592 2257 τί
619 2204 719 2258 misere
746 2205 833 2259 assuti
860 2208 933 2272 sunt,
960 2209 992 2260 ut
1019 2204 1133 2276 genuini
1159 2204 1299 2275 leguntur.

213 2297 350 2365 Quattuor
366 2316 421 2352 una
440 2316 525 2368 opera
542 2299 697 2353 extrudam.

213 2393 260 2448 0r.
281 2395 331 2447 126
416 2385 438 2447 oi
458 2389 548 2465 φάσις,
567 2395 597 2449 ίν
613 2389 804 2464 ἀνθρώποισιν
822 2393 857 2456 ὠς
873 2395 940 2467 μέγ’
960 2395 984 2448 εί
1000 2390 1092 2449 κακόν.

213 2490 316 2544 Contra
336 2491 391 2547 looi
414 2491 556 2561 ingenium
575 2490 684 2546 addidit
702 2492 894 2562 interpolator,
924 2492 971 2561 qui
989 2487 1075 2563 φύσιν
1096 2491 1180 2546 etiam
1199 2491 1300 2545 bonam
1334 2555 1335 2560 ἵ

212 2605 270 2644 esse
287 2605 367 2659 posse
385 2589 502 2644 solebat:

419 2679 551 2757 σωτήριόν
567 2703 595 2740 τε
612 2692 668 2744 τοῖς
686 2686 773 2744 καλῶς
790 2689 970 2756 κεκτημένοις.

211 2781 321 2836 Heracl.
340 2783 392 2837 236
410 2787 547 2853 τρισσαί
562 2782 595 2854 μ’
611 2774 792 2851 ἀναγκάζουσι
810 2786 935 2839 συννοίας
952 2780 1027 2852 (oum
1047 2781 1211 2850 Schmidtio)
1230 2778 1300 2848 ὁδοί,
1353 2817 1358 2832 ,

303 2927 306 2934 ,
404 2873 497 2942 Ἰόλαε,
516 2876 577 2938 τοὺς
595 2875 659 2936 σοὺς
677 2875 717 2948 μὴ
735 2873 920 2948 παρώσασθαι
938 2874 1049 2947 λόγους·

408 2973 442 3029 τὸ
460 2975 523 3048 μὲν
540 2979 674 3046 μέγιστον
691 2969 759 3034 Ζεάς
777 3013 914 3030 ......

407 3069 443 3125 τὸ
463 3075 593 3143 συγγενίς
609 3089 643 3125 τε
661 3075 716 3124 καὶ
732 3070 765 3124 τὸ
787 3067 964 3143 προύφείλειν
981 3073 1068 3130 καλῶς

410 3162 545 3238 πράσσειν
563 3167 628 3238 παρ’
646 3165 726 3238 ἡμῶν
741 3162 839 3220 τούσδε
860 3163 988 3238 πατρῴαν
1003 3162 1092 3237 χάριν.

212 3264 346 3332 Quartam
365 3281 476 3321 oausam
494 3263 597 3318 adieoit
616 3263 816 3333 interpolator:

408 3355 439 3414 τό
457 3362 479 3413 τ’
497 3357 622 3430 αἰσχρὸν,
641 3344 725 3429 οἶιπερ
744 3361 788 3414 δεῖ
803 3353 922 3430 μάλιστα
941 3363 1093 3430 φροντίσαι.

211 3455 279 3512 ibid.
298 3447 350 3510 297
408 3451 457 3509 οὐκ
475 3456 531 3510 ἔστι
549 3456 629 3508 τοῦδε
648 3460 745 3510 παισὶ
763 3450 872 3510 κάλλιον
888 3459 971 3525 γέρας

408 3544 424 3618 ἢ
443 3547 546 3621 πατρὸς
563 3551 664 3604 ἐσθλοῦ
681 3547 808 3620 κάγαθοῦ
825 3552 985 3622 πεφυκέναι.

212 3648 317 3703 Λυδίου
336 3648 576 3719 interpolatorem:

407 3751 509 3817 γαμεῖν
526 3740 546 3797 τ’
567 3742 615 3798 ἀπ’
636 3745 745 3801 ἐσθλῶν
761 3743 806 3814 (1)·
825 3739 855 3804 ὃς
872 3743 904 3797 δὲ
922 3746 1042 3809 νικηθεὶς
1060 3737 1142 3810 πόθῳ

408 3846 501 3901 κακοῖς
518 3836 705 3908 ἐκοινώνησεν,
725 3838 773 3895 οὐκ
792 3842 930 3898 ἐπαινέσω

408 3941 511 3995 τέκνοις
527 3931 632 3996 ὄνειδος
649 3933 738 4008 οὕνεχ’
755 3933 855 4006 ἡδονῆς
873 3939 969 3991 λιπεῖν.

211 4033 279 4087 ibid.
296 4033 349 4086 630
411 4025 433 4086 ὦ
449 4036 536 4100 τέκνα,
554 4033 671 4103 χαίρετ’·
689 4029 791 4094 ’[άίεως
810 4033 841 4087 δὲ
861 4033 914 4086 ποῦ
931 4037 1034 4102 repom,-

211 4129 412 4198 Interpolator:

410 4220 497 4297 μήτηρ
515 4241 544 4278 τε
562 4221 664 4296 πατρὸς
681 4223 759 4293 τῆσδ’
779 4225 859 4297 ἕδρας
876 4221 1036 4291 άπαστατεῖ,·

212 4321 349 4378 Numerus
368 4322 450 4377 iaoile
468 4323 566 4394 augeri
583 4326 683 4393 potest.
