3170 5134
706 489 740 542 85

176 677 284 724 nonem
300 676 361 722 non
376 657 533 724 dubitauit
546 659 723 742 Euripides!
758 659 859 740 Quam
873 660 1043 742 imaginem
1057 661 1151 727 huius
1165 663 1273 745 poetae

175 768 233 832 sibi
254 766 683 852 adumbraveritHennigius,
707 769 817 833 nescio.
847 768 906 834 Sed
917 769 1133 834 Hermannum
1149 771 1272 835 secutus

175 875 288 940 similia
309 877 403 940 etiam
424 876 457 940 in
475 877 609 941 aliarum
631 877 806 946 fabularum
822 878 958 961 prologis
973 879 1107 944 inveniri
1123 877 1270 944 affirmat.

177 985 278 1050 Unum
298 985 391 1050 uelim
414 985 490 1049 mihi
513 987 664 1050 monstret
686 987 874 1068 exemplum!
903 987 1056 1052 Auferte
1078 987 1115 1052 de
1137 987 1271 1052 Bacchis

175 1094 334 1177 cogitavit,
357 1095 389 1157 in
412 1095 522 1177 quibus
546 1095 673 1159 chorum
692 1094 764 1160 inde
787 1095 826 1160 ab
847 1095 938 1160 initio
960 1094 1086 1160 fabulae
1106 1095 1139 1158 in
1162 1114 1272 1188 scaena

174 1204 364 1284 praesentem
392 1223 454 1270 esse
484 1221 581 1287 neque
605 1204 711 1268 tamen
736 1204 810 1287 qnid
835 1205 926 1269 Liber
950 1205 1037 1286 pater
1060 1203 1098 1268 de
1123 1222 1155 1268 se
1184 1223 1273 1294 prae-¹

174 1311 255 1376 dicet
277 1312 385 1377 audire
406 1312 530 1377 voluit?
565 1312 608 1376 At
622 1312 696 1395 quid
712 1313 749 1376 de
765 1312 957 1377 Baccharum
979 1311 1107 1395 prologo
1130 1312 1271 1377 statuen-

173 1421 245 1484 dum
269 1421 356 1499 essct,
389 1440 482 1504 supra
504 1421 649 1487 vidimus.
693 1422 731 1487 ln
761 1422 870 1486 ceteris
900 1422 1005 1486 autern
1027 1420 1165 1504 prologis
1191 1421 1273 1484 certe

173 1547 234 1593 non
256 1531 363 1594 contra
384 1549 487 1594 rarum
511 1532 654 1596 naturam
677 1531 793 1612 peceat,
817 1531 843 1594 si
865 1530 997 1595 audiunt
1012 1529 1188 1613 praesentes
1203 1547 1271 1610 pcr-

172 1657 263 1702 sonae
296 1639 371 1721 quid
402 1636 640 1720 προλογίζουσα
670 1639 768 1717 dicat,
808 1640 906 1704 veluti
939 1638 1029 1704 liberi
1061 1636 1205 1703 Herculis
1239 1635 1272 1700 in

173 1747 306 1812 Hercula
332 1747 362 1811 et
384 1746 569 1826 Heraclidis,
606 1748 715 1812 chorus
741 1747 907 1812 mulierum
936 1749 969 1812 in
992 1746 1197 1829 Supplicibus.
1234 1781 1268 1792 -

173 1855 282 1920 Altera
305 1874 407 1940 causa,
431 1875 486 1921 cur
511 1856 694 1939 anapaestos
717 1856 748 1920 et
768 1856 887 1920 iambos
909 1855 1003 1920 simul
1025 1854 1171 1919 lerninon
1186 1873 1273 1936 pense

172 1963 319 2047 indicemp
340 1965 415 2030 haec
436 1966 491 2043 est,
516 1965 598 2046 qnod
621 1965 691 2046 post
712 1964 832 2028 iambos
854 1964 893 2029 ab
915 1964 1150 2046 Agamemnone
1171 1961 1273 2027 decla·

172 2073 272 2138 matos
299 2091 418 2138 senem
450 2072 580 2138 surdum
608 2073 696 2137 finxit
721 2073 825 2155 poeta:
859 2073 951 2155 rogat
974 2071 1055 2136 enim
1081 2090 1109 2136 v.
1135 2071 1195 2134 124
1217 2089 1271 2153 sq„

172 2199 247 2244 num
276 2180 415 2245 Achilles
447 2181 539 2246 facile
567 2181 689 2246 laturus
721 2181 771 2258 sit,
805 2179 886 2262 quod
918 2198 985 2262 spes
1013 2171 1208 2262 Iphigeniam
1238 2179 1270 2244 in

171 2287 406 2352 matrimonium
428 2288 559 2353 ducendi
581 2308 612 2354 se
635 2288 788 2368 fefellerit,
812 2307 883 2353 curn
905 2289 1100 2372 Agamemno
1122 2309 1152 2353 u.
1173 2290 1213 2354 97
1224 2308 1269 2371 sq.

170 2397 274 2461 tetum
289 2397 346 2461 hoc
362 2397 597 2462 matrimonium
611 2398 719 2462 fiotum
742 2416 806 2462 esse
827 2397 903 2462 satis
926 2396 1157 2479 significaverit.
1178 2397 1270 2462 Hanc

169 2505 335 2570 dubitandi
352 2523 477 2570 causam
492 2506 608 2571 iustam
624 2525 687 2570 esse
703 2506 797 2571 etiarn
812 2505 988 2588 Hennigius
1002 2505 1023 2571 l.
1037 2507 1059 2570 l.
1075 2525 1103 2588 p.
1116 2507 1156 2570 36
1172 2524 1271 2589 agno·

170 2615 218 2678 vit
239 2612 413 2696 delevitque
435 2632 541 2678 vereris
565 2615 728 2680 124-132
751 2634 779 2696 p.
801 2615 852 2680 44.
897 2614 942 2679 At
970 2615 996 2680 si
1026 2614 1106 2680 senis
1134 2615 1270 2680 surditas

169 2721 376 2786 intolerabilis
398 2724 444 2786 est
466 2722 498 2786 in
521 2723 690 2805 tragoedia,
715 2741 769 2786 cur
791 2741 852 2788 non
874 2723 1142 2805 Agamemnonis?
1174 2723 1269 2806 ‚Quod

172 2832 200 2896 si
230 2849 334 2895 secum
364 2831 536 2912 reputasset
557 2830 749 2913 lHennigina
781 2831 952 2896 necessario
986 2832 1081 2897 etiam
1116 2832 1271 2897 v.1-48

170 2939 348 3020 delevisset3
373 2940 484 3021 quibus
507 2939 634 3005 abiectis
657 2958 726 3003 oum
747 2958 809 3004 non
823 2941 886 3005 iam
909 2939 985 3005 satis
1001 2941 1171 3023 appareret,
1194 2941 1269 3023 quid

169 3035 259 3112 saner
281 3049 315 3112 in
334 3063 454 3114 scaena
483 3048 541 3113 sibi
571 3049 673 3128 uellet,
706 3049 802 3114 etiarn
823 3049 860 3114 de
881 3049 1020 3114 versibus
1049 3050 1214 3114 115-123
1237 3050 1267 3115 et

171 3158 336 3221 133-163
352 3157 533 3222 dubitasset.
552 3194 587 3202 -
604 3158 672 3222 Iam
688 3157 772 3222 vides
794 3157 874 3223 falsa
889 3159 1039 3242 Hennigii
1057 3159 1268 3241 disputatione

170 3285 219 3330 me
241 3283 275 3330 eo
297 3264 415 3344 deduci,
449 3267 484 3329 ut
512 3267 614 3330 totum
642 3267 815 3332 diuerbium
845 3267 1077 3349 anapaesticum
1100 3267 1269 3350 interpola·

169 3375 241 3451 tori,
275 3374 302 3438 si
335 3373 382 3438 dis
414 3374 525 3456 placet,
559 3368 700 3459 Euripidi
734 3376 847 3440 minori
879 3377 1026 3441 tribuam.
1080 3376 1268 3460 Magnopere

169 3483 276 3548 autem
305 3483 434 3565 gaudeo,
470 3483 551 3567 quod
583 3485 684 3549 virum
716 3485 929 3550 doctissimum
953 3485 1005 3550 W.
1033 3486 1113 3551 idem
1146 3505 1267 3551 mecum

169 3592 283 3656 sentire
309 3592 407 3658 uideo.
452 3593 509 3658 Ille
539 3594 619 3658 enim
650 3595 687 3659 de
718 3595 858 3659 dimetris
882 3595 1086 3677 anapaesticis
1109 3594 1191 3678 apud
1213 3594 1270 3661 So·

125 3765 136 3778 ,
169 3701 309 3784 phoclem
332 3720 555 3785 nonnunquam
583 3703 665 3768 inter
691 3703 767 3768 duas
797 3722 941 3786 personas
970 3703 1145 3768 distributis
1171 3723 1268 3788 agens

171 3811 248 3875 haec
275 3810 384 3875 scribit
410 3810 449 3875 A.
477 3812 511 3876 E.
542 3831 570 3894 p.
602 3813 675 3877 198:
728 3813 909 3894 „Euripides
936 3863 943 3877 .
974 3813 1033 3878 hoo
1063 3813 1142 3878 vitio
1176 3863 1183 3878 .
1217 3863 1224 3877 .
1259 3863 1265 3876 .
1389 3885 1397 3906 ι

168 3920 317 3985 immunis
349 3922 404 3984 est.
449 3920 531 3985 Nam
558 3922 624 4004 lph.
650 3922 722 3988 Aul.
756 3923 784 3986 2.
814 3922 930 3987 3.149
959 3923 1036 3986 nihil
1066 3922 1178 4004 probat
1208 3923 1267 3989 nisi

170 4028 350 4111 Euripidem
373 4030 523 4094 minorem
549 4030 811 4112 neglegentiorem
840 4031 957 4096 maiore
988 4030 1090 4096 fnisse.
1133 4031 1266 4098 Omnino

170 4137 252 4202 enim
278 4155 340 4202 non
366 4138 522 4222 intellego,
555 4138 709 4220 quomodo
738 4139 852 4204 reiecta
877 4139 1037 4204 verissima
1056 4140 1173 4205 Bromii
1198 4159 1267 4206 sen·

170 4246 280 4329 tentia,
305 4247 358 4328 qui
380 4248 561 4330 anapaestos
584 4248 623 4313 ab
638 4247 785 4331 Euripide
799 4248 916 4314 maiore
938 4247 1181 4332 abiudicaverat‚
1202 4249 1265 4315 iam

172 4374 206 4420 eo
230 4373 392 4439 progressa
418 4355 459 4420 sit
487 4356 663 4421 criticorum
687 4357 844 4436 violentia,
876 4356 913 4421 ut
939 4355 1102 4443 prologum
1134 4357 1161 4424 si
1190 4356 1264 4442 quid
