3170 5134
746 474 779 528 61

216 647 365 712 honorare
379 645 541 712 constituit
555 643 597 727 (v.
611 643 759 724 61-66),
781 659 921 707 escaena
936 641 1013 706 abit.
1035 639 1085 686 -—'
1097 641 1165 706 Iam
1178 640 1312 722 primum

216 755 325 822 haereo
345 754 378 820 in
393 753 571 820 Calchantis
595 753 704 833 verbis,
728 752 842 834 quibus
856 749 1093 834 Agamemnoni,
1116 749 1151 813 ut
1170 747 1310 814 immolet

217 865 423 948 Iphigeniam,
444 863 593 946 imperat:

318 999 356 1064 17
399 983 426 1062 ὦ
448 997 537 1086 τῆσδ’
561 988 712 1064 ἀνάσσων
731 991 883 1073 Ἑλλάδος
905 965 1105 1078 στρατηγίας,

399 1097 612 1192 Ἀγάμεμνον,
640 1098 683 1172 ori
704 1100 747 1194 μὴ
770 1105 850 1182 ναῦς
870 1101 1085 1191 ἀφορμίσηςῑ)
1104 1095 1238 1198 χθονός,

400 1215 480 1298 πρὶν
501 1208 542 1279 dv
561 1210 660 1301 κόρην
680 1209 740 1301 σην
760 1207 944 1302 Ἰφιγένειαν
957 1202 1117 1294 ’Ἀρτιμις

318 1327 359 1390 20
402 1318 483 1412 λίβη
504 1327 701 1411 σφαγεῖσαν·
727 1317 755 1402 ὅ,
776 1345 808 1387 τι
830 1316 888 1406 γὰρ
912 1314 1057 1396 ἐνιαυτός
1078 1318 1167 1383 τέκοι

402 1428 575 1498 κάλλιστον
595 1422 681 1519 ηίξω
704 1425 876 1519 φωσφόρῳ
899 1423 1015 1496 θύσειν
1037 1434 1117 1520 θεᾷ·

400 1540 491 1607 παῖδ’
514 1528 574 1608 οὖν
596 1539 629 1606 ἐν
651 1535 754 1619 οἴκοις
777 1537 816 1630 οη
841 1534 1112 1628 Κλυταιμνήστρα
1134 1534 1238 1623 δάμαρ

400 1649 517 1716 τίκτει·
539 1646 577 1715 τὸ
600 1650 803 1716 καλλιστεῖον
824 1646 871 1727 είς
894 1645 944 1731 ἔμ’
966 1641 1151 1736 ἀναφέρων·

402 1749 441 1846 ἢν
461 1751 521 1847 χρή
545 1780 582 1824 σε
604 1761 715 1825 θῦσαι.

221 1893 259 1957 V.
278 1892 316 1957 17
339 1911 443 1957 omnes
465 1911 535 1958 eum
558 1892 644 1958 Pinio
664 1893 709 1957 sie
730 1891 931 1974 intellegunt:
954 1890 1001 1969 „0
1024 1892 1077 1974 qui
1097 1891 1189 1956 huius
1204 1891 1315 1958 Graeci

220 2001 369 2066 exereitus
398 2001 562 2083 imperium
591 2003 707 2066 tenes.“
754 2001 799 2065 At
826 2017 984 2083 nunquam
1015 1999 1190 2086 στρατηγία
1219 2019 1315 2083 neque

222 2108 304 2190 apud
326 2109 504 2192 Euripidem
526 2128 624 2192 neque
645 2109 727 2191 apud
749 2114 864 2174 eeteros
884 2108 1047 2190 scriptores
1070 2108 1116 2174 ita
1138 2110 1314 2192 usurpatur,

222 2219 257 2284 ut
281 2218 484 2298 „exereitum‘
508 2217 680 2301 significem·
697 2236 814 2300 semper
835 2218 882 2282 est
905 2235 1035 2298 „munus
1050 2217 1312 2300 imperatorium.“

223 2323 268 2391 cl.
291 2326 390 2391 Andr.
413 2327 489 2393 678:
526 2320 583 2413 τὴν
604 2326 632 2391 d’
655 2322 733 2414 ε’μην
755 2325 947 2412 στρατηγίαν
967 2325 1068 2412 λέγων
1097 2322 1147 2409 ἔμ’
1171 2317 1316 2414 ὦφελοῖς

225 2427 263 2498 tle
286 2427 307 2520 ἢ
328 2437 427 2519 σιγῶν
448 2433 558 2500 πλέον.
580 2436 620 2501 ib.
645 2436 714 2501 704.
758 2435 791 2502 si
817 2454 889 2500 vero
918 2433 1091 2520 στρατηγία
1117 2436 1198 2500 iusto
1225 2435 1315 2500 modo

222 2543 405 2625 usurpatum
429 2543 534 2623 sumis,
568 2542 629 2608 diei
651 2561 712 2608 non
735 2543 845 2627 potest,
878 2545 1031 2627 quantum
1052 2544 1223 2628 langueant
1242 2537 1316 2607 Ἕλ-

222 2643 320 2728 λάδος
341 2651 373 2716 et
393 2649 503 2736 τῆσδε.
547 2650 624 2716 (lum
647 2651 750 2716 autem
769 2671 875 2718 uersus
895 2653 1085 2736 corruptelae
1105 2653 1237 2736 speeiem
1253 2671 1314 2717 non

221 2757 376 2843 praebeat,
409 2758 550 2841 equidem
575 2759 788 2841 interpolatori
818 2760 963 2838 tribuam,
998 2760 1051 2842 qui
1073 2759 1315 2843 Agamemnonis

223 2857 438 2956 ἀποστροφὴν
463 2868 568 2950 paullo
595 2867 775 2950 ampliorem
802 2868 927 2934 reddere
960 2869 1101 2946 voluerit,
1134 2869 1314 2952 praesertim

224 2994 294 3042 oum
316 2977 410 3042 etiam
433 2977 504 3042 aliis
526 2977 745 3042 additamentis
768 2977 848 3043 hano
870 2976 1048 3044 Calchantis
1074 2979 1246 3044 orationem
1268 2977 1317 3042 di·

223 3085 324 3150 tatam
352 3102 415 3149 esse
441 3084 652 3149 intellexerim.
705 3083 866 3150 Postrema
898 3085 980 3151 enim
1010 3086 1103 3151 verba
1136 3085 1201 3151 eius
1234 3083 1315 3168 quod

225 3193 307 3259 uiros
329 3193 435 3259 doctos
457 3211 517 3258 non
546 3193 746 3271 offenderunt,
779 3194 855 3258 satis
881 3193 1057 3259 mirandum
1086 3194 1141 3258 est.
1184 3193 1316 3258 Pleuius

225 3301 358 3384 quidem,
392 3302 455 3385 qui,
486 3307 638 3385 quantum
665 3301 738 3379 scio,
771 3320 850 3366 unus
873 3301 1094 3385 interpretatus
1121 3299 1209 3386 eser),
1241 3302 1317 3368 haee

225 3409 318 3476 dioit:
353 3411 618 3494 Agamemnonem
646 3412 702 3476 illo
728 3429 819 3487 anno,
853 3430 913 3494 quo
940 3413 1014 3478 nata
1038 3413 1117 3477 esset
1143 3412 1315 3496 iphigenia,

224 3519 345 3586 vovisse
367 3519 487 3584 Dianae
509 3537 540 3583 so
562 3519 801 3601 pulcherrimum
824 3520 888 3584 eius
910 3521 984 3585 enni
1005 3521 1130 3602 partum
1145 3538 1209 3586 esse
1224 3521 1317 3586 saeri-

224 3628 407 3704 fieaturum;
427 3629 542 3711 postea,
564 3646 634 3693 eum
650 3629 714 3693 voti
729 3629 890 3694 immemor
904 3629 1023 3710 fuisset,
1038 3630 1126 3695 deam
1139 3628 1317 3697 Galohantis

225 3756 277 3804 ore
297 3756 420 3803 eaerum
443 3737 623 3820 poposcisse.
667 3739 762 3803 Recte
783 3738 845 3818 ille,
879 3738 953 3820 quid
976 3738 1045 3802 istis
1068 3738 1168 3804 verbis
1195 3739 1317 3805 subesse

226 3847 317 3928 poeta
341 3846 481 3925 uoluerit,
516 3846 654 3930 erponit3
688 3847 793 3912 tamen
818 3846 877 3911 nisi
904 3845 1044 3912 adhibita
1069 3846 1261 3913 divinatione
1282 3867 1317 3914 ex

228 4043 424 4051 -—---————-

328 4175 355 4244 1)
373 4175 435 4231 Non
454 4175 560 4246 dubito,
590 4176 658 4245 quin
681 4175 721 4230 sie
740 4194 802 4231 oum
820 4175 854 4230 K.
874 4174 1021 4246 legendum
1039 4175 1077 4230 sit
1094 4192 1145 4245 pro
1164 4171 1317 4248 ἂφορμίση.

227 4271 267 4328 (ll.
288 4265 449 4344 συνώνυμον
467 4272 584 4328 verbum
602 4273 749 4344 ἐξορμίζειν
766 4273 828 4327 Hel.
848 4271 926 4327 1247.

326 4369 353 4438 2)
372 4367 573 4438 melier-Pleu,
592 4368 697 4424 Grieet.
716 4369 885 4440 Myttolopie
903 4369 930 4422 11
948 4386 975 4438 p.
994 4371 1053 4422 419.
