3170 5134
818 483 853 534 76

292 649 395 714 autem
428 635 596 730 sepulcro
619 648 751 714 Semeles
777 649 903 714 flamma
924 669 943 714 a
965 633 1086 715 Baccho
1116 652 1220 732 postea
1247 670 1308 716 non
1330 669 1380 716 er·

292 755 417 833 utatur,
441 756 521 839 quod
544 755 665 838 prologi
685 756 752 822 loco
775 757 927 823 adductus
950 757 1064 836 credas,
1091 757 1143 822 sed
1166 759 1380 823 incenditur

291 860 441 950 (ἅπτεται
463 866 525 930 594
544 883 589 946 sq.
610 866 684 946 624)
696 867 728 946 ¹).
772 866 882 948 Itaque
909 864 985 929 mihi
1014 865 1138 948 quidem
1161 867 1322 949 Euripides
1343 867 1380 932 de

291 974 483 1039 fumantibus
505 972 626 1038 aedium
650 973 748 1038 ruinis
768 973 846 1038 nihil
868 973 991 1038 videtur
1001 973 1114 1038 dixisse
1127 991 1224 1056 neque
1238 972 1379 1052 noluisse,

291 1083 326 1147 ut
350 1083 534 1165 spectatores
555 1081 588 1145 in
610 1099 719 1147 scaena
736 1081 959 1164 conspicerent;
980 1074 1079 1167 σηκός
1093 1081 1226 1147 Semeles
1247 1081 1295 1146 illi
1316 1081 1382 1146 suf·

290 1190 429 1271 ficiebet3
451 1189 655 1273 posteriorum
675 1191 779 1256 autern
794 1191 967 1273 temporum
982 1190 1146 1256 histriones
1161 1191 1192 1255 et
1206 1190 1379 1256 scaenicum

290 1300 474 1382 apparatum
496 1317 605 1366 auxere
627 1301 658 1365 et
680 1317 729 1364 eos
757 1318 833 1382 quos
855 1299 918 1364 dixi
942 1318 1044 1364 versus
1066 1299 1219 1366 addidere.
1255 1335 1292 1346 —
1326 1300 1381 1366 Se·

291 1409 403 1473 cuntur
423 1408 486 1473 tres
508 1426 612 1473 versus
633 1409 747 1492 integri
771 1410 902 1486 10-12,
936 1408 1048 1491 quibus
1073 1427 1150 1491 quae
1171 1408 1211 1473 ad
1239 1428 1379 1474 scaenam

291 1515 521 1582 describendam
545 1517 715 1582 necessaria
740 1517 812 1581 sunt
834 1517 910 1581 satis
933 1519 1137 1600 exponuntur:
1172 1536 1244 1582 nam
1265 1538 1302 1582 ne
1324 1518 1382 1583 hoc

291 1624 414 1707 quidem
436 1623 659 1706 neglegendum
682 1626 738 1703 est,
760 1624 850 1707 quod,
874 1625 899 1688 si
921 1626 1060 1689 tenemus
1075 1644 1104 1690 v.
1117 1626 1209 1704 6-9,
1224 1625 1271 1689 bis
1293 1624 1381 1692 dein-

231 1807 240 1824 !
294 1752 362 1815 ceps
390 1733 598 1816 spectatorum
626 1733 708 1798 oculi
732 1733 766 1797 in
794 1733 966 1816 sepulcrum
990 1734 1122 1800 Semeles
1149 1735 1381 1813 convertuntur,

292 1859 321 1906 v.
343 1841 371 1905 5.
395 1842 414 1906 6
435 1835 557 1924 μητρὸς
577 1841 688 1930 μνῆμα
707 1841 765 1929 τῆς
785 1840 953 1934 κεραυνίας
974 1835 1063 1906 τόδε
1094 1841 1158 1927 (cui
1179 1843 1255 1910 satis
1276 1842 1383 1925 putide

293 1949 418 2015 additur
439 1944 532 2034 ἐγγύς
552 1943 673 2034 οἴκων),
697 1971 726 2016 v.
751 1953 789 2016 10
812 1949 913 2016 πέδον
934 1945 1041 2016 τόδε.
1078 1951 1137 2018 Sed
1159 1971 1255 2017 novae
1277 1952 1383 2017 oriun-

291 2060 345 2124 tur
365 2059 565 2126 difficultates
586 2063 657 2128 inde
680 2083 698 2128 a
720 2082 749 2127 v.
764 2064 811 2142 13,
834 2081 894 2145 quo
915 2062 982 2126 loco
1005 2060 1078 2144 quid
1100 2061 1142 2124 sit
1162 2061 1382 2143 reprehenden-

292 2169 365 2233 dum
394 2170 508 2252 optime
535 2173 678 2253 exposuit,
701 2172 855 2237 Usenerus
882 2171 961 2235 Mus.
984 2169 1042 2235 Rh.
1064 2169 1174 2234 XXIII
1202 2190 1231 2252 p.
1255 2170 1314 2234 158
1336 2188 1381 2251 sq.

292 2276 378 2342 Idem
410 2277 487 2343 duas
520 2283 625 2344 nostro
657 2281 724 2345 loco
757 2280 875 2344 exstare
906 2267 1040 2344 eiusdem
1069 2278 1239 2343 sententiae
1267 2277 1382 2342 formas

292 2387 435 2470 probavit
467 2390 497 2452 et
523 2389 679 2479 Euripidis
712 2406 775 2454 esse
806 2405 834 2452 v.
859 2377 981 2452 13520.
1004 2388 1044 2451 26
1067 2406 1120 2469 sq.‚
1152 2386 1382 2468 interpolatoris

292 2514 321 2560 v.
339 2495 470 2559 14-19.
493 2497 615 2560 21—25
638 2495 752 2560 docuit.
796 2495 873 2560 Cum
896 2496 1000 2561 autem
1021 2495 1223 2560 novissimum
1243 2495 1382 2560 Baccha-

290 2624 359 2670 rum
392 2604 548 2682 editorem,
583 2605 801 2688 Wecklinium‚
834 2605 914 2670 hanc
941 2605 1114 2688 perturbati
1141 2605 1202 2670 loci
1230 2604 1382 2670 medelam

290 2731 430 2795 respuere
460 2713 491 2776 et
518 2713 557 2778 ad
583 2713 723 2778 Piersoni
753 2713 971 2793 coniecturam,
1004 2714 1058 2796 qui
1080 2733 1108 2779 v.
1132 2715 1172 2778 20
1198 2712 1267 2795 post
1289 2733 1318 2779 v.
1341 2715 1381 2778 22

291 2821 402 2904 posuit,
425 2821 587 2905 confugere
609 2823 741 2902 videam,
764 2823 890 2889 Useneri
910 2825 1082 2899 inventurn,
1104 2825 1185 2908 quod
1205 2843 1301 2888 unum
1315 2842 1381 2888 ree-

290 2929 358 2993 tum
379 2929 487 3007 habeo,
510 2929 597 2994 novis
619 2930 812 3013 argumentis
829 2931 957 3013 probare
978 2932 1116 2997 studebo.
1145 2931 1195 2996 Ad
1209 2950 1238 2998 v.
1252 2932 1290 2995 13
1305 2932 1380 3000 haee

290 3037 420 3103 adnotat
440 3037 643 3102 Wecklinius:
681 3037 765 3120 „Mor
783 3038 890 3103 λιπών
910 3040 992 3105 wisel
1012 3035 1201 3123 genitalicii
1223 3040 1279 3105 der
1298 3039 1379 3104 Aue·

290 3147 489 3232 ponpspcabt
511 3147 689 3212 decedebact.
719 3147 877 3232 Dionysos
898 3129 970 3214 bom
990 3169 1050 3215 ooo
1064 3149 1186 3232 Lydiae
1202 3149 1269 3218 und
1282 3148 1381 3232 Pbry-

90 3271 92 3282 ⁴
195 3316 198 3320 .
290 3259 372 3342 pico,
405 3277 451 3322 wo
473 3278 507 3322 er
532 3277 662 3340 ereopca
681 3279 757 3337 war,
791 3257 874 3323 ber.“
919 3259 1102 3324 Rectissime
1128 3259 1204 3324 haec
1231 3258 1291 3322 sibi
1317 3258 1381 3341 ipse

290 3366 451 3448 refragans
471 3367 589 3444 monet;
625 3385 753 3448 persona
775 3369 857 3433 enim
879 3365 1117 3458 προλογίζοοοα
1139 3368 1198 3432 isto
1220 3367 1380 3445 uocabulo,
1428 3405 1430 3412 ,

291 3474 385 3540 unde
406 3475 438 3540 in
460 3493 601 3540 scaenam
626 3476 738 3555 veniat,
761 3477 984 3558 spectatoribus
1006 3476 1140 3541 nuntiat.
1185 3475 1231 3542 of.
1254 3475 1329 3541 Hec.
1352 3477 1381 3540 et

293 3583 344 3650 Tr.
365 3583 408 3650 in.
443 3584 603 3650 Bacchum
624 3584 728 3650 autem
750 3604 819 3649 curn
841 3585 1028 3672 Maenadum
1050 3586 1151 3663 choro,
1185 3584 1272 3652 ouius
1294 3585 1381 3668 quasi

392 3879 418 3948 1)
437 3875 512 3946 Quae
529 3880 661 3949 leguntur
680 3897 706 3933 v.
726 3879 784 3932 597.
799 3879 834 3931 98
853 3873 887 3931 ἄν
901 3895 968 3931 ποτε
986 3873 1178 3948 κεραυνόβολος
1196 3878 1272 3931 ἔλιπε
1290 3873 1381 3950 φλόγα

292 3979 360 4028 Δίου
384 3976 498 4046 βροντᾶς
523 3975 689 4044 interpretes
713 3975 754 4028 ita
777 3973 927 4043 explicant,
956 3978 988 4028 ut
1012 3975 1047 4028 ad
1069 3975 1162 4044 ignem
1180 3975 1276 4028 vivum
1294 3975 1323 4028 in
1341 3991 1380 4027 se·

291 4072 387 4141 pulcro
415 4069 533 4125 Semeles
559 4071 725 4140 pertineant.
765 4069 819 4124 Sed
846 4071 1019 4140 apertissime
1045 4087 1140 4124 versus
1167 4070 1292 4140 corrupti
1316 4074 1381 4124 sunt

292 4168 438 4236 sedemque
454 4167 517 4220 vitii
534 4168 701 4222 vocabulum
719 4168 795 4221 ἔλιπε
815 4184 873 4221 esse
885 4167 955 4221 bene
967 4166 1096 4220 Reiskius
1109 4167 1248 4238 cognovit.
1267 4166 1381 4221 Utinam

292 4265 336 4318 W.
356 4261 530 4333 promissum,
558 4264 633 4332 quod
658 4265 693 4318 de
713 4264 766 4318 hoc
791 4243 899 4318 cantIco
918 4263 989 4318 male
1008 4266 1129 4318 tractato
1154 4263 1232 4318 dedit
1251 4265 1283 4316 A.
1302 4263 1335 4317 Ε.
1353 4281 1380 4332 p.

292 4361 353 4428 208,
372 4360 476 4414 solvat!
