3124 5138
828 393 864 448 86

297 566 459 634 σιλικῶν
481 565 520 632 ἐκ
542 560 732 649 δωμάτων
753 567 785 633 et
801 567 853 631 Tr.
876 567 997 650 4948q.
1019 555 1092 630 κᾶν
1115 564 1226 650 πέδῳ
1252 565 1399 644 κοίτας

298 673 403 758 ἔχειν
434 679 561 761 ῥυσοῖσι
595 668 712 754 νώτοις
743 674 959 758 βασιλικῶν
990 673 1033 740 ἐκ
1064 672 1244 757 δεμνίων,
1283 677 1398 759 quibus

296 787 362 869 ipse
393 786 473 852 addo
507 785 618 851 Aesoh.
641 785 702 866 Ag.
729 785 791 850 867
823 779 1031 850 κάλλιστον
1062 770 1165 868 ἦμαρ
1194 780 1329 850 εἰσιδεῖν
1355 784 1397 851 ἐκ

295 895 492 976 χείματος.
536 895 609 959 Eur.
633 893 684 961 Or.
707 894 769 958 279
791 891 831 957 ἐκ
858 885 1038 975 κυμάτων
1064 887 1123 976 γὰρ
1152 879 1253 972 αὖθις
1273 880 1315 958 αὖ
1334 915 1398 978 γα-

295 997 371 1090 λήν’
396 997 473 1085 ὁρῶ.
507 1003 628 1087 Diotyis
644 1003 704 1086 frg.
718 1003 822 1081 336,7
845 995 922 1078 τούς
943 1001 970 1066 δ’
991 999 1031 1066 ἐκ
1052 1000 1239 1088 μεγίστης
1261 999 1397 1085 ὀλβίας

296 1109 530 1196 τυραννίδος
551 1105 593 1176 τὸ
617 1109 735 1196 μηδὲν
755 1099 878 1187 ὄντας.
922 1109 1001 1175 Mire
1024 1111 1118 1176 etiem
1139 1111 1230 1176 modo
1252 1131 1327 1178 usus
1349 1116 1397 1178 est

295 1223 388 1286 verbo
410 1211 611 1305 ἄντισηκοϋν,
645 1220 727 1302 quod
756 1219 915 1304 signifieat
944 1219 1081 1301 „pondus
1111 1219 1267 1302 imponere
1303 1222 1395 1288 alteri

295 1330 378 1395 lanai
398 1350 455 1414 par
478 1331 605 1412 ponderi
628 1329 775 1396 alterius“
799 1331 829 1394 et
852 1331 1051 1414 coniungitur
1072 1349 1142 1396 oum
1162 1331 1341 1398 eoousatiuo
1364 1332 1396 1397 et

294 1438 409 1505 dativo.
445 1437 490 1505 Ol.
503 1439 575 1502 Luo.
592 1437 822 1522 Tragoedopod.
840 1439 916 1502 242:
937 1439 977 1526 τῇ
992 1435 1028 1502 δὲ
1042 1437 1083 1526 σῇ
1097 1421 1274 1525 προθυμία
1289 1433 1393 1505 ἴσοισι

294 1550 404 1629 τιμαῖς
436 1537 648 1631 ἅντισηκώσω
680 1546 780 1628 χάριν.
824 1545 1032 1611 Accusativus
1066 1546 1146 1612 enim
1180 1543 1324 1632 φθοράν,
1358 1551 1396 1613 ut

294 1659 376 1722 reete
398 1657 530 1722 adnotet
553 1656 694 1734 Weiliue‚
727 1656 857 1721 everto
878 1653 1013 1740 φθείρει
1035 1656 1176 1740 intellegi
1201 1657 1301 1735 debet,
1324 1657 1394 1724 looo

294 1767 400 1832 autem
423 1765 523 1831 dativi
546 1766 665 1846 positus
687 1767 734 1830 est
748 1765 920 1848 genetivus,
944 1764 976 1829 iu
992 1765 1073 1847 quod
1089 1765 1147 1830 etsi
1162 1785 1223 1831 non
1239 1767 1394 1833 usitatum

297 1877 469 1941 esttamen
490 1893 579 1940 suam
600 1873 694 1941 habet
715 1874 960 1956 explicationem.

593 2063 621 2129 7.
658 2062 711 2127 De
732 2061 906 2128 Herculis
928 2060 1093 2143 prologo.

394 2206 497 2271 Etiam
521 2204 685 2270 Herculem
707 2205 741 2269 in
762 2222 797 2270 eo
818 2203 1052 2285 tragoediarum
1074 2219 1202 2268 numero
1224 2221 1298 2283 esse,
1321 2205 1395 2287 qui-

292 2316 349 2379 bus
370 2331 481 2378 manus
503 2331 574 2377 suas
596 2310 791 2394 impudentes
813 2309 1007 2375 admoverint
1032 2309 1206 2390 histriones,
1229 2311 1306 2376 suite
1320 2331 1395 2394 pro-

176 2495 180 2506 ,
291 2423 379 2488 bavit
401 2421 581 2486 Wheelerus
612 2420 633 2483 l.
656 2419 677 2484 l.
706 2438 736 2501 p.
758 2419 809 2497 66,
850 2418 904 2501 qui
925 2417 1097 2483 soeenioem
1118 2416 1395 2501 interpolationem

292 2545 355 2592 esse
384 2546 413 2591 u.
426 2527 593 2590 629-636
613 2526 768 2608 cognovit.
811 2525 929 2590 Temen
950 2525 1079 2609 prologo
1100 2526 1215 2592 mirum
1236 2529 1393 2610 quantum

291 2637 500 2718 pepercerunt,
529 2633 577 2698 ita
598 2635 634 2698 ut
656 2634 689 2698 iu
718 2652 844 2700 numero
871 2634 988 2716 optime
1014 2635 1208 2701 serratorum
1231 2637 1393 2705 habendus

291 2745 341 2808 sit.
384 2743 440 2807 llst
468 2743 573 2808 autem
599 2741 751 2824 singulari
779 2742 913 2824 quodem
941 2742 1032 2808 modo
1065 2744 1263 2826 compositus,
1300 2746 1391 2812 ouius

290 2851 334 2917 rei
358 2869 450 2916 eausa
473 2851 505 2913 in
528 2851 711 2932 argumento
734 2849 857 2916 fabulae
880 2851 1025 2915 cernitur.
1068 2851 1152 2915 Nam
1180 2871 1251 2918 oum
1278 2854 1317 2919 ad
1339 2855 1393 2919 in-

289 2958 481 3042 tellegendas
503 2957 642 3040 insidias,
665 2977 741 3041 quas
764 2959 863 3041 Lyaus
884 2960 1028 3025 Haraulis
1051 2959 1138 3042 genti
1159 2962 1260 3044 parat,
1284 2979 1392 3026 neees-

289 3069 407 3133 sariam
427 3067 477 3150 sit,
500 3069 535 3130 ut
557 3068 589 3131 et
599 3067 691 3132 huius
713 3068 744 3132 et
761 3067 846 3133 illius
861 3069 928 3133 fate
944 3086 1174 3152 cognoscamus,
1197 3069 1390 3153 Amphitruo

289 3173 494 3258 προλογίζων
508 3176 553 3240 ite
576 3193 701 3240 munere
723 3194 777 3240 suo
800 3175 951 3258 fungitur,
975 3177 1009 3240 ut
1031 3177 1063 3240 in
1080 3177 1202 3246 exordio
1218 3177 1260 3262 (u.
1274 3177 1391 3262 1—12)

289 3285 326 3350 de
348 3285 493 3350 Herculis
515 3284 721 3367 Megaraeque
751 3285 854 3349 uxoris
882 3285 1002 3367 origine
1029 3287 1114 3369 egat,
1147 3287 1216 3351 tum
1244 3287 1391 3353 Herculis

291 3393 420 3471 labores,
455 3411 531 3476 quos
562 3393 723 3474 usquead
749 3412 817 3458 eum
844 3393 923 3457 diem
951 3393 1165 3474 enuntiaverit,
1200 3398 1321 3462 enarret
1343 3399 1388 3476 (u.

291 3498 437 3583 13-25).
461 3499 609 3583 Sequitur
631 3501 730 3565 altere
752 3501 789 3566 de
803 3502 883 3584 Lyeo
904 3502 1058 3582 particula
1072 3502 1148 3568 item
1170 3504 1331 3586 bipertita:
1355 3506 1389 3572 in

289 3608 412 3674 exordio
436 3609 509 3692 Lyci
532 3627 630 3692 genus
657 3611 687 3674 et
715 3610 779 3675 vita
804 3609 846 3693 (v.
871 3607 1018 3692 err-34),
1050 3613 1118 3677 tum
1141 3612 1272 3688 facinus,
1302 3615 1386 3698 quod

149 3784 155 3796 ,
287 3718 471 3800 inpetrem,
500 3735 635 3800 uxorem,
661 3717 773 3782 liberos
796 3716 938 3782 Herculis
961 3719 1154 3785 committere
1177 3721 1305 3804 cogitet,
1338 3741 1390 3788 ex·

289 3827 416 3907 ponitur
436 3831 477 3903 (r.
499 3827 648 3906 35-43).
693 3825 744 3889 Ad
766 3827 846 3890 hano
867 3826 966 3908 igitur
988 3826 1107 3907 partem
1129 3828 1251 3912 prologi
1276 3849 1307 3897 se
1332 3851 1390 3915 ap-

158 3927 160 3935 ‘
288 3935 385 4017 plicat
411 3934 575 4018 tragoedia
597 3953 693 4016 usque
715 3934 754 3999 ad
775 3933 919 3998 Heraulis
948 3933 1115 4000 adventum
1141 3956 1169 4002 u.
1191 3939 1262 4004 514.
1307 3938 1390 4006 (lon-

288 4043 425 4108 oluditur
447 4044 594 4126 prologus
614 4043 767 4125 praesenti
780 4042 1017 4108 Heraclidarum
1035 4044 1213 4111 condicione
1234 4047 1388 4130 explicata

288 4151 332 4232 (v.
356 4150 506 4233 44—59).
541 4186 578 4196 -
614 4149 699 4231 Quae
721 4151 824 4215 autem
846 4149 878 4213 in
903 4149 1065 4234 prologum
1089 4153 1211 4220 intrusa
1230 4158 1304 4221 sunt
1324 4158 1389 4223 tria

288 4261 513 4344 additamenta,
535 4279 641 4324 eorum
663 4278 760 4324 unum
781 4259 910 4324 sustulit
932 4260 981 4339 N.‚
1006 4280 1034 4324 r.
1057 4262 1113 4326 47:
