3170 5134
377 613 396 676 8
438 607 540 674 τίκτει
561 606 712 674 δέτέκνα
733 603 830 674 δισσὰ
851 607 962 672 τοῖσδε
983 599 1111 688 δώμασι

304 720 332 797 9,
358 719 396 784 10
440 713 665 801 Θεοκλύμενον
685 708 793 800 ἄρσεν’
815 709 925 805 εόγενῆ
947 739 983 782 τε
1005 715 1194 799 παρθένον·

359 829 398 892 13
440 826 576 892 καλοῦσι
597 825 629 892 δ’
650 818 753 914 ου’τὴν
776 819 935 908 Θεονόην·
956 821 998 891 ταὶ
1021 829 1101 891 θεῖα
1122 823 1180 910 γὰρ

437 929 527 1000 τότ’
553 925 631 1000 όντα
651 935 705 999 καὶ
727 934 885 1018 μέλλοντα
906 929 1000 999 πάντ’
1023 933 1228 1001 ἐπίσταται
1238 933 1261 1017 ¹)

439 1037 602 1129 προγόνου
623 1044 767 1126 λαβοῦσα
789 1043 923 1130 Νηρέως
942 1040 1037 1126 τιμὰς
1058 1038 1156 1126 πάρα.
1191 1093 1196 1100 .

221 1184 288 1249 Iam
318 1181 399 1246 reete
430 1181 557 1263 opponit
584 1180 675 1262 poeta
707 1197 818 1244 nomen
845 1179 1062 1263 Theoolymeni
1090 1197 1108 1244 a
1136 1177 1315 1260 parentibus

220 1290 356 1355 inditum
378 1289 495 1354 nomini
518 1288 678 1354 Theonoae
700 1288 773 1354 dato
795 1308 814 1354 a
837 1289 964 1372 populo;
999 1287 1186 1370 appellatam
1210 1288 1314 1352 autem

221 1417 289 1465 eam
311 1417 415 1464 ossea
437 1397 616 1480 parentibus
637 1397 807 1477 Idotheam
836 1395 983 1481 'quoniam
1008 1396 1048 1463 ad
1076 1395 1214 1462 fabulam
1236 1394 1315 1458 nihil

221 1507 363 1589 pertinet,
397 1525 459 1572 nou
486 1505 577 1571 dicit:
613 1507 718 1571 tamen
740 1507 801 1572 duo
828 1507 893 1571 aius
919 1506 1014 1570 fuisse
1034 1505 1160 1570 nomina
1183 1504 1263 1568 teate
1286 1503 1316 1567 et

205 1615 312 1680 eante
334 1613 500 1698 signifieat.
522 1647 562 1660 -
584 1613 621 1677 V.
644 1615 685 1678 26

403 1741 535 1828 μορφῆς
555 1737 713 1804 θέλουσαι
736 1733 998 1820 διαπεράνασθαι
1020 1737 1134 1823 κρίσιν,

226 1865 280 1948 qui
300 1867 370 1948 post
393 1858 530 1941 κάλλους
552 1863 628 1947 πέρι
651 1884 680 1929 ν.
703 1867 743 1929 23
766 1883 890 1947 prorsus
912 1864 1059 1942 abundat,
1093 1862 1316 1929 Herwerdenue

223 1974 350 2052 delevit3
382 1974 484 2038 looum
505 1993 521 2038 e
544 1973 664 2057 Cypriis
685 1973 818 2055 petitum
840 1973 895 2056 (ef.
919 1973 1013 2039 sohel.
1038 1973 1128 2036 Hom.
1151 1974 1191 2032 A
1211 1971 1255 2052 el,
1287 1989 1316 2035 a.
1362 2052 1365 2073 ἡ

223 2084 357 2163 35-43,
380 2084 518 2165 spurium
540 2102 603 2148 esse
625 2083 794 2148 rectissime
816 2083 929 2148 statuit
951 2083 1112 2148 Usenerus.
1156 2081 1206 2146 An
1226 2079 1317 2162 quid·
1374 2117 1379 2130 ·

223 2211 317 2276 quam
332 2193 464 2275 eogitari
479 2193 588 2274 potest,
613 2192 694 2275 quod
709 2192 794 2274 peius
808 2192 1015 2273 interrumpat
1029 2189 1166 2256 fatorum
1180 2188 1317 2254 Helenae

223 2301 443 2379 narrationem,
477 2300 558 2383 quod
590 2301 692 2385 magis
721 2301 884 2389 abhorreat
906 2321 925 2366 a
946 2301 1044 2366 totius
1071 2298 1196 2364 fabulae
1222 2316 1317 2381 ergu-

224 2412 337 2493 mento,
359 2429 453 2493 quam
473 2411 535 2475 ista
559 2405 638 2487 Διὸς
655 2405 889 2493 βουλευμάτων
912 2408 1083 2492 expositio?
1119 2407 1200 2488 Quid
1223 2408 1317 2474 vero?

223 2518 348 2584 decetne
369 2518 506 2583 sobrium
527 2520 649 2601 poetam
672 2539 701 2584 v.
716 2520 757 2583 49
769 2538 813 2602 sq.
838 2519 1013 2584 naturalem
1035 2517 1109 2598 belli
1131 2516 1234 2582 Troiei
1255 2516 1318 2582 ori-

223 2627 328 2710 ginem
348 2645 500 2710 enarrare,
522 2629 623 2705 antea,
646 2647 675 2693 v,
689 2629 730 2692 36
740 2647 796 2710 sq„
820 2627 902 2710 quod
924 2627 1077 2708 peculiare
1092 2626 1231 2708 Iuppiter
1246 2645 1317 2691 eon·

224 2735 329 2800 silium
351 2753 385 2800 eo
412 2738 517 2801 exorto
546 2737 650 2800 ratum
680 2735 810 2801 feeerit?
852 2735 984 2818 Egregie
1014 2735 1118 2800 autem
1149 2735 1318 2817 interpola·

223 2844 318 2909 tionis
351 2843 478 2909 initium
509 2845 666 2910 indicatur
701 2845 802 2910 verbis
836 2839 989 2925 Πριάμου
1025 2836 1181 2925 τυράννου
1213 2840 1317 2919 παιδί,

224 2970 305 3033 quae
326 2953 396 3034 post
416 2942 618 3037 Ἀλεξάνδρῳ
634 2971 662 3017 v.
674 2953 714 3016 32
729 2953 843 3017 mirum
868 2953 1021 3034 quantum
1043 2953 1203 3034 languent.
1238 2953 1319 3016 Tur*

223 3061 342 3142 pissimi
372 3060 538 3126 sciolorum
560 3042 642 3129 fetus
664 3063 736 3126 sunt
766 3061 829 3128 tres
860 3062 1006 3143 postremi
1038 3079 1154 3142 versus,
1187 3079 1317 3144 quorum

223 3168 323 3250 primo

381 3383 383 3386 Ι
408 3290 532 3378 γνωτόν
552 3319 588 3360 τε
610 3294 688 3380 θείη
709 3292 767 3361 τόν
788 3289 961 3378 κράτιστον
980 3287 1131 3372 Ἑλλάδος

226 3419 414 3496 Badhamus,
436 3421 526 3487 alteri
549 3423 581 3488 et
601 3423 694 3488 tertio

350 3547 486 3630 Φρυγῶν
507 3545 534 3611 δ’
557 3546 590 3626 ἐς
610 3538 708 3633 ἀλκὴν
729 3539 950 3634 προόνέθηνῖ)
972 3542 1033 3633 ἐγώ
1055 3545 1114 3629 μὲν
1137 3535 1184 3624 οό,

344 3649 381 3718 τό
405 3653 434 3719 δ’
456 3645 559 3738 όνομοι
580 3647 711 3740 υοόμόν,
735 3643 841 3722 ἆθλον
857 3651 1006 3740 Ἓλλησιν
1028 3648 1125 3739 δορός

225 3797 283 3863 ego
306 3781 434 3846 Useneri
457 3783 666 3848 coniecturam
693 3785 829 3849 nesciens
858 3783 980 3849 obelum
1009 3781 1144 3867 praefixi.
1188 3779 1234 3845 De
1261 3779 1319 3844 hoo

228 3941 426 3952 ———-

328 4042 353 4108 1)
372 4041 453 4095 Ultro
473 4042 541 4097 haee
559 4044 725 4111 eonieetura,
743 4061 813 4112 quae
831 4043 943 4097 fabulae
962 4046 1126 4113 argumento
1137 4041 1248 4112 egregie
1256 4057 1319 4109 pro·

227 4136 312 4189 batur
330 4133 377 4203 (ef.
395 4153 421 4188 v.
441 4136 513 4203 317),
533 4153 561 4190 se
579 4136 669 4191 offert.
696 4136 904 4205 'Interpolatori
922 4137 1107 4192 necessarium
1132 4141 1193 4191 erat
1217 4137 1318 4205 imper·

228 4231 333 4285 feetum
350 4230 525 4286 substituere.
590 4229 602 4250 ⁸

327 4327 354 4395 2)
373 4326 532 4382 Certissima
550 4328 618 4383 haee
634 4332 676 4384 eet
693 4328 847 4410 Musgravii
865 4328 1030 4384 emendatio.
