3124 5138
737 442 773 496 45

208 611 302 678 Vides
332 612 454 694 poetam
488 613 564 677 'seito
595 613 725 692 oravisse,
759 631 797 678 no
826 611 1061 693 repetitionibus
1092 612 1300 694 speetatorum

130 755 133 762 ·
207 721 327 786 animos
349 719 551 802 defatigaret:
573 721 738 803 postquam
759 741 788 786 v.
805 722 844 785 16
857 739 901 803 sq.
926 719 1072 786 &summ
1093 720 1245 786 infantem
1269 719 1301 784 in

209 831 345 898 canistro
378 832 550 912 exposuisse
580 830 669 910 dixit,
700 831 732 895 in
760 831 914 912 Apollinis
946 830 1085 895 oratione
1116 832 1159 906 (v.
1182 830 1222 893 29
1243 833 1303 911 sq.)

208 940 387 1017 canistrum,
421 941 455 1004 in
477 939 623 1005 Merourii
645 941 746 1006 verbis
775 941 817 1020 (v.
840 941 880 1004 36
902 940 960 1021 sq.)
990 938 1143 1004 iniantem
1173 939 1301 1003 omittit.

164 1117 166 1123 ,
208 1049 348 1132 Utroque
368 1049 436 1113 looo
457 1049 661 1131 interpolator
682 1067 808 1113 munere
829 1065 884 1112 suo
906 1047 1032 1112 functus
1060 1047 1115 1111 est.
1149 1081 1187 1092 -
1218 1047 1302 1112 Bene

207 1157 346 1239 prooodit
374 1157 521 1241 prologus
549 1176 646 1240 usque
667 1157 708 1222 ad
726 1176 757 1222 r.
780 1158 835 1232 503
866 1156 1008 1238 sequitur
1034 1155 1183 1238 pessimus
1209 1175 1238 1221 v.
1261 1157 1308 1221 51

225 1245 228 1253 ι
396 1259 414 1330 ὁ
436 1268 516 1342 παῖς
535 1288 571 1330 σε
592 1260 669 1342 σούς
689 1258 842 1342 τεκόντας
865 1254 927 1329 oo'a
951 1261 1120 1328 ἐπίστασαι

207 1396 226 1442 a
249 1374 408 1441 Commero
433 1376 524 1456 (thes.
546 1377 565 1440 6
585 1375 655 1457 post
675 1375 763 1456 diss.)
785 1376 815 1440 et
837 1376 875 1440 ab
899 1373 1104 1439 Herwordeno
1126 1373 1301 1452 damnatus,

206 1485 240 1549 in
266 1503 327 1567 quo
353 1503 448 1568 quam
474 1485 552 1550 falso
579 1485 762 1567 usurpatum
793 1485 835 1549 sit
863 1483 990 1550 verbum
1021 1481 1222 1548 ἐπίστασθαι
1251 1483 1302 1547 vir

209 1611 284 1674 opus
306 1594 352 1658 ost
373 1610 505 1658 monere.
529 1629 567 1638 -
590 1593 656 1658 Iam
680 1592 770 1656 finita
793 1593 1022 1658 est-enarratio
1044 1592 1127 1657 Ionis
1150 1591 1302 1667 fatorum3

208 1701 262 1783 qui
287 1702 407 1765 restant
439 1720 468 1765 v.
491 1703 624 1780 52-56,
658 1702 715 1767 etsi
746 1701 822 1766 satis
852 1701 931 1766 bono
958 1702 1091 1766 utuntur
1120 1719 1258 1766 sermone
1269 1698 1301 1784 1),

207 1827 363 1891 unamque
394 1810 521 1892 phrasin
548 1811 689 1892 Euripidi
719 1811 781 1876 fere
812 1810 969 1892 propriam
1003 1809 1103 1891 (δεῦρ’
1125 1807 1177 1873 ἀεί
1197 1828 1225 1874 v.
1247 1807 1301 1892 56)

208 1916 376 1996 continent,
409 1920 533 2000 propter
560 1919 779 2002 argumentum
807 1919 913 1984 eontra
935 1918 1035 2000 ipsam
1062 1918 1200 1984 fabulam
1222 1919 1300 1982 miro

210 2024 301 2089 modo
327 2043 470 2108 pugnans
495 2026 613 2092 serrari
638 2045 700 2090 non
725 2027 862 2110 possunt,
894 2026 927 2091 id
959 2026 1040 2108 quod
1071 2026 1134 2091 iam
1162 2026 1217 2090 diu
1240 2027 1301 2091 viri

206 2133 290 2198 docti
312 2134 608 2200 animadverterunt.
652 2135 708 2200 Est
729 2136 833 2200 tamen
859 2133 978 2218 aliquid
1003 2135 1098 2199 etiam
1128 2135 1161 2198 in
1189 2134 1299 2216 verbis,

206 2243 288 2324 quod
311 2243 509 2324 impostorem
526 2243 703 2309 convineat:
724 2233 912 2326 ἅπανδρσῦν
929 2242 1078 2308 Clementi
1090 2243 1299 2310 Alexandrino

206 2353 237 2416 et
258 2351 393 2416 Lusiano
426 2353 580 2427 convenit,
614 2371 674 2417 non
696 2352 878 2435 Eluripidiss).
915 2389 952 2398 —
985 2353 1052 2418 Iam
1082 2353 1157 2418 bene
1188 2353 1300 2436 exeipit

206 2477 328 2524 uersum
350 2459 391 2524 50

403 2559 461 2634 oria
483 2560 552 2634 οἶδε
578 2571 703 2650 Φοῖβον
724 2559 800 2634 οὐδὲ
820 2567 930 2654 μητέρ’
953 2557 991 2658 ἧς
1014 2565 1089 2656 ἔφυ.

205 2695 234 2742 v.
256 2677 310 2742 57:
403 2677 555 2758 Κρέουσα
575 2677 603 2743 δ’
626 2672 646 2766 ἡ
667 2679 807 2743 τεκοῦσα
826 2675 884 2741 τὸν
907 2675 1042 2757 νεανίαν,

205 2785 286 2850 unde
300 2785 399 2851 altera
414 2787 602 2852 narrationis
621 2806 692 2868 pars
703 2787 841 2852 'initium
863 2789 955 2871 oapit.
984 2788 1070 2854 Haeo
1091 2790 1196 2854 autem
1217 2791 1300 2855 reete

204 2894 344 2976 prooodit
365 2913 462 2977 usque
484 2895 524 2960 ad
546 2914 576 2959 v.
588 2897 638 2960 66.
680 2895 788 2978 Neque
810 2897 891 2961 enim
916 2896 1153 2993 vituperandum
1170 2897 1216 2963 est
1230 2916 1299 2962 ver-

205 3002 279 3066 bum
300 3003 506 3085 συνεξαιρεῖν,
529 3003 610 3086 quod
633 3003 751 3068 obiecto
774 3004 891 3068 eareat:
915 3003 997 3068 idem
1020 3005 1113 3069 habet
1134 3004 1298 3084 obiectum,

206 3109 288 3194 quod
310 3105 530 3198 συμπονήσας.
576 3111 797 3193 „llradieandi“
831 3113 936 3178 autem
968 3114 1134 3192 notionem,
1168 3115 1226 3179 etsi
1250 3113 1300 3176 in·

205 3219 298 3284 solita
320 3220 376 3296 est,
409 3221 514 3286 tamen
539 3220 707 3286 iustissime
730 3221 819 3303 poeta
846 3221 918 3286 huie
940 3222 1089 3288 vocabulo
1113 3222 1224 3287 tribuit
1245 3221 1297 3305 (of.

204 3327 360 3408 u1044).
404 3327 489 3392 Neve
522 3329 701 3394 haereamus
734 3329 766 3393 in
799 3329 891 3394 verbo
918 3321 1049 3409 Ἀχαιὸς
1078 3349 1107 3395 v.
1129 3331 1179 3408 64,
1216 3330 1298 3413 quod

204 3454 343 3518 pugnare
363 3437 487 3502 videtur
508 3455 579 3501 oum
603 3455 631 3502 v.
646 3438 735 3517 1592,
760 3457 819 3522 qua
836 3437 873 3503 de
886 3457 918 3503 re
934 3438 1037 3503 videas
1052 3438 1298 3504 Sohoemannum

203 3544 224 3609 l.
235 3545 257 3610 l.
268 3566 297 3629 p.
310 3549 350 3611 22
356 3544 476 3630 ³).-V.
484 3548 524 3611 67
537 3547 650 3612 iterum
661 3547 756 3630 longa
767 3547 877 3630 incipit
887 3548 1096 3630 interpolatio,
1110 3568 1189 3632 quae
1202 3567 1298 3631 usque

304 3746 332 3817 1)
350 3744 457 3818 τροφάς
474 3766 500 3802 v.
514 3749 548 3802 52
566 3751 641 3803 oerte
659 3752 822 3818 corruptum
841 3765 930 3818 neque
944 3748 1034 3804 adhue
1052 3748 1228 3804 emendatum
1246 3753 1296 3803 ast.

203 3842 402 3912 Exspectamus
422 3837 527 3903 πλάκας
544 3844 589 3898 vel
607 3843 697 3898 simile
717 3844 831 3913 aliquid.
868 3844 910 3898 De
928 3844 1078 3901 verborum
1099 3849 1241 3901 structura
1261 3845 1297 3900 of.

205 3938 267 3994 Hel.
286 3940 346 3994 532.

302 4035 329 4104 2)
349 4034 498 4104 Euripides
517 4035 590 4090 dixit
609 4037 806 4106 ἐξανδροῦσθαι
824 4036 927 4092 Phoen.
946 4039 988 4091 32,
1007 4035 1102 4107 Suppl.
1121 4038 1182 4096 703.

304 4133 330 4196 3)
349 4129 449 4201 Opuse.
467 4131 506 4185 IV
523 4149 551 4202 p.
568 4134 611 4187 56.
649 4133 704 4187 (lur
721 4132 917 4201 Bernhardyus
936 4133 1056 4202 (θησαν.
1082 4133 1150 4189 Lite.
1169 4130 1211 4184 11³
1228 4132 1245 4184 2
1268 4148 1296 4201 p.

205 4226 270 4298 488)
287 4226 504 4298 vituperandum
522 4231 603 4296 putet
620 4245 646 4285 v.
665 4229 708 4299 62,
736 4229 864 4299 equidem
882 4247 938 4284 non
956 4229 1046 4285 video.
1068 4232 1114 4282 An
1131 4246 1188 4282 non
1210 4227 1296 4281 hono·

203 4328 283 4378 ratur
299 4324 410 4379 Xuthus
429 4341 461 4380 eo
480 4325 554 4394 quod
570 4325 734 4396 peregrinus
754 4325 883 4381 Creusam
904 4343 1018 4382 uxorem
1041 4325 1162 4396 aoeipit‘?
