3124 5138
777 446 813 498 48

184 669 187 684 .
251 617 390 698 spectum
412 615 459 680 est
480 614 573 680 etiam
599 613 783 679 vocabulum
798 607 957 696 Ἕλληνες.
994 612 1081 678 Licet
1104 613 1186 678 euim
1204 612 1350 678 animad-

251 727 369 790 uertere
391 724 570 806 Euripidem
593 721 728 788 Graecos
757 723 865 788 contra
898 721 1023 787 Troiam
1055 721 1207 804 profectos
1234 721 1268 786 in
1292 722 1351 787 hac

251 834 358 900 fabula
390 851 474 897 more
500 833 665 898 Homerico
694 832 751 898 aut
776 822 929 911 Ἀχαιούς
960 848 1069 895 uocare
1102 833 1158 897 aut
1183 820 1352 913 Ἀργείους

252 941 303 1025 (ef.
328 961 356 1006 v.
379 942 427 1005 19.
453 942 503 1004 64.
526 941 577 1006 66.
601 940 650 1005 71.
672 941 723 1004 81.
747 940 809 1004 236
830 941 889 1004 ete.
915 973 952 984 -
975 939 1005 1002 8.
1026 939 1076 1005 94.
1103 940 1172 1004 159.
1194 941 1264 1006 167.
1289 941 1349 1005 172

251 1051 333 1132 etc),
355 1050 450 1116 semel
467 1048 673 1133 Πανέλληνας
694 1049 735 1133 (r.
759 1049 846 1128 721),
877 1053 925 1112 ter
946 1049 1144 1132 loquentibus
1168 1049 1351 1116 mulieribus

252 1159 394 1224 Troianis
416 1152 563 1235 Δαναούς
585 1157 634 1222 vel
655 1153 817 1232 Δαναΐδας
837 1155 1149 1240 (cretaceum).
1172 1158 1234 1222 Ubi
1245 1158 1351 1223 autern

244 1261 395 1352 Ἕλληνες
415 1265 706 1342 commemorantur,
739 1266 795 1330 aut
816 1265 890 1330 sunt
911 1265 1103 1331 Phthiotidis
1124 1266 1245 1332 incolae
1266 1267 1351 1347 (203.

252 1378 322 1442 267.
346 1375 422 1458 293)
444 1377 500 1440 aut
522 1373 633 1439 Graeci
655 1373 795 1438 barbaris
818 1373 952 1456 oppositi
975 1372 1057 1454 (764.
1081 1374 1156 1454 771;
1188 1375 1351 1456 posteriori

250 1488 355 1552 tamen
369 1487 437 1551 loco
452 1486 534 1549 recte
546 1503 565 1549 a
578 1481 739 1548 Dindorfio
759 1483 863 1548 obelus
879 1482 1030 1565 praefixus
1048 1484 1118 1564 est).
1142 1483 1216 1548 Tres
1232 1483 1351 1550 restant

251 1613 357 1660 versus
379 1593 558 1675 posterioris
578 1592 677 1674 partis
701 1591 835 1673 fabulae,
858 1590 892 1654 in
913 1591 1025 1673 quibus
1040 1583 1190 1674 Ἕλληνες
1212 1610 1277 1656 csse
1298 1591 1351 1656 de·

251 1704 325 1769 bent
347 1701 459 1768 Graeci
480 1701 591 1767 Troiae
612 1700 728 1766 bellum
751 1700 930 1766 inferentes:
954 1699 1024 1765 868.
1047 1700 1118 1765 900.
1143 1701 1240 1777 1019;
1274 1722 1352 1785 quo-

253 1831 324 1876 rum
346 1813 452 1876 tamen
475 1812 611 1892 primum

431 1926 532 2014 αὐτός
554 1957 590 2000 τε
612 1933 666 1999 καὶ
687 1935 725 2023 γῆ
747 1933 820 2015 δορὶ
842 1932 979 2000 πεσοῢσ’
998 1929 1170 2022 Ἑλληνικῷ

253 2073 391 2155 spurium
414 2091 478 2136 esse
500 2071 576 2136 adeo
597 2071 735 2153 apparet,
767 2071 803 2134 ut
833 2071 887 2153 qui
908 2070 1049 2152 pluribus
1078 2071 1195 2151 probet,
1228 2089 1351 2154 operam

253 2182 331 2245 mihi
358 2180 482 2263 perdere
508 2179 660 2245 videatur.
704 2180 795 2244 Alter
826 2180 857 2244 at
889 2179 1000 2243 tertius
1029 2178 1115 2242 locus
1147 2181 1352 2261 suspicionem

254 2309 315 2354 nou
336 2290 475 2367 moseum
508 2288 708 2354 statuendum
734 2288 833 2371 igitur
860 2288 907 2353 est
929 2286 1107 2370 Euripidem
1130 2287 1163 2351 in
1184 2290 1352 2370 posteriore

254 2400 342 2480 parte
362 2397 487 2463 fabulae
507 2397 567 2462 sibi
589 2396 749 2462 nonsatis
771 2395 955 2460 constitisse.
989 2433 1028 2442 -
1059 2395 1174 2460 Versus
1197 2397 1250 2479 qui
1272 2397 1351 2464 inse·

254 2507 367 2571 cuntur
388 2488 512 2570 ae-ar

452 2640 513 2731 ἐγώ
533 2646 578 2723 δέ,
600 2647 736 2726 νικῶμαι
754 2640 814 2730 γὰρ
835 2637 983 2729 Ἀργείας
1004 2649 1088 2724 θεᾶς

444 2750 555 2836 Ἥρας
572 2746 719 2832 Ἀθάνας
739 2759 787 2833 θ’,
808 2751 847 2818 αἳ
863 2754 1047 2836 συνεξεῖλον
1071 2759 1211 2842 Φρύγας,

365 2870 404 2933 25
448 2865 553 2930 λείπω
571 2860 610 2930 τὸ
632 2861 759 2930 κλεινὸν
772 2854 871 2931 Ἴλιον
891 2860 1025 2948 βωμούς
1046 2869 1074 2930 τ’
1096 2861 1213 2950 ἐμούς·

452 2973 567 3060 ἐρημία
587 2969 646 3058 γὰρ
668 2968 766 3039 πόλιν
790 2969 868 3039 ὅταν
887 2969 969 3062 λάβῃ
991 2970 1084 3061 κακή,

452 3085 543 3148 νοσεῖ
563 3076 603 3146 τὰ
626 3084 692 3147 τῶν
713 3085 805 3147 θεῶν
827 3074 903 3148 οὐδὲ
924 3087 1085 3166 τιμᾶσθαι
1107 3085 1200 3152 θέλει

254 3247 289 3292 eo
312 3246 372 3310 quo
394 3228 526 3310 legimus
546 3228 615 3292 loco
636 3229 861 3294 sententiarum
882 3247 992 3293 nanum
1018 3230 1099 3295 male
1126 3231 1350 3314 interrumpere
1438 3231 1441 3240 “

253 3337 405 3419 perspexit
419 3336 604 3419 Wagnerus.
638 3336 736 3401 Valde
757 3338 862 3401 autem
884 3355 954 3401 eum
976 3338 1173 3418 reprehendo,
1194 3340 1275 3422 quod
1298 3359 1350 3406 eos

229 3447 325 3528 -post
349 3465 375 3510 v.
397 3445 439 3508 44
461 3445 634 3524 collocavit,
669 3464 697 3510 v.
720 3443 845 3510 45-47
868 3446 991 3510 delevit.
1035 3446 1126 3527 Quid,
1159 3466 1281 3530 quaeso,
1314 3450 1348 3512 in

255 3555 302 3619 his
324 3555 462 3620 versibus
485 3554 556 3618 vitii
577 3554 643 3619 est?
686 3553 780 3618 Haud
802 3572 901 3636 pauca
924 3553 1027 3618 autem
1050 3555 1254 3637 vituperanda
1276 3559 1349 3622 sunt

253 3664 287 3728 in
308 3683 337 3728 u.
360 3663 493 3728 aes—27.
536 3663 577 3727 N.
600 3663 691 3742 enim,
720 3662 830 3745 quill.
853 3661 898 3727 St.
920 3662 952 3726 Il
974 3681 1004 3744 p.
1028 3663 1087 3727 135
1111 3683 1138 3728 v.
1162 3664 1202 3727 24
1222 3664 1347 3744 delerit,

255 3773 332 3837 bene
359 3771 481 3837 monuit
508 3771 610 3852 ipsum
640 3788 751 3835 nomen
772 3770 909 3849 Iunonis,
943 3773 1106 3853 postquam
1129 3761 1261 3856 Ἀργεία
1283 3767 1350 3838 θεά

255 3873 364 3964 (θεός)
386 3879 470 3944 dieta
493 3879 580 3956 esset,
604 3896 827 3960 supervacuum
848 3897 921 3942 esse.
964 3879 1031 3962 Ego
1053 3879 1121 3945 dieo
1143 3882 1293 3948 Iunonem
1316 3883 1350 3947 in

254 3991 313 4054 hac
334 3987 441 4054 sabula
464 3989 589 4054 omnino
610 3987 712 4052 locum
734 4005 796 4051 non
815 3987 941 4052 habere:
965 3985 1105 4054 Minerva
1127 3989 1263 4056 consiliis
1285 3991 1349 4056 suis

255 4099 366 4178 effecit,
398 4098 434 4162 ut
458 4097 551 4163 Troia
574 4097 746 4163 dirueretur
778 4096 829 4177 (cf.
853 4116 882 4161 r.
906 4097 955 4161 10.
977 4097 1028 4161 47.
1051 4097 1126 4180 561)
1159 4117 1254 4181 eaque
1284 4099 1350 4183 ipsa

255 4228 284 4274 v.
296 4208 337 4272 48
358 4207 391 4271 in
413 4224 557 4272 scaenam
579 4204 691 4288 prodit,
715 4206 750 4270 ut
773 4205 900 4270 abiectis
922 4207 1076 4288 prioribus
1090 4206 1266 4272 inimicitiis
1281 4226 1351 4272 eum

256 4317 409 4398 Neptuno,
441 4317 644 4382 Troianorum
667 4316 796 4394 fautore,
829 4315 935 4381 foedus
957 4316 997 4381 ad
1025 4315 1192 4398 perdendos
1217 4314 1350 4382 Graecos
