3170 5134
672 479 721 530 101

130 650 300 733 Quoniam
324 650 429 716 autem
455 650 492 715 ds
516 650 791 714 1111111111111
814 647 983 729 conspectis
1013 647 1088 712 satis
1112 643 1243 720 constat,

128 781 198 826 non
225 759 332 825 dicam
359 759 419 824 nisi
445 759 483 824 de
512 757 658 840 personis.
702 756 858 837 Quattuor
878 756 951 822 sunt
973 756 1098 822 fabulas
1120 756 1244 838 Euripi-

127 871 221 946 dcae,
261 869 295 932 in
323 869 443 951 quibus,
477 867 550 933 dum
578 866 724 950 prologus
750 864 909 949 recitatur,
942 865 1064 947 praeter
1090 862 1255 954 προλογί-Ὶ

130 977 263 1057 ζουσαν
285 976 365 1041 11111
386 993 533 1058 personae
552 975 585 1039 in
604 993 713 1040 scaena
732 973 910 1040 versantur:
946 973 1142 1053 Heraclidae,
1163 974 1244 1039 Her-

128 1086 231 1165 11111,
265 1083 433 1166 Supplices,
465 1081 596 1149 Orestes.
639 1083 676 1147 In
702 1083 877 1148 Heraclidis
911 1083 941 1148 et
968 1083 1101 1149 Hercule
1130 1082 1244 1148 adsunt

128 1194 228 1259 liberi
253 1193 406 1272 Herculis,
429 1192 531 1257 notati
554 1192 734 1275 pronomine
757 1185 812 1256 too
833 1192 959 1257 Heracl.
983 1192 1033 1256 11.
1047 1189 1128 1274 40¹).
1151 1192 1242 1257 Herc.

129 1303 182 1380 42,
211 1304 253 1367 in
276 1301 409 1366 Hercule
431 1302 551 1383 praeter
572 1301 627 1366 hos
648 1301 787 1385 Megara,
809 1301 897 1366 cuius
918 1318 1029 1367 nomen
1049 1319 1119 1365 cum
1137 1301 1242 1366 eadem

129 1411 255 1475 vocula
278 1411 476 1475 coniunctum
499 1393 627 1492 apparet
648 1411 723 1475 ut.
741 1411 790 1475 14.
819 1411 857 1475 In
875 1409 1071 1493 supplicibus
1091 1410 1243 1493 supplicas

129 1539 216 1601 quae
249 1519 365 1584 adsunt
394 1519 539 1584 mulieres
570 1521 600 1584 et
622 1519 777 1585 Adrastus
800 1519 906 1584 eodem
928 1518 1019 1585 modo
1045 1519 1133 1603 quasi
1155 1538 1244 1585 mon-

127 1628 284 1692 strantur
297 1625 523 1708 spectatoribus
539 1629 609 1693 v.8.
622 1628 661 1692 17
674 1627 726 1707 (11.
739 1647 768 1710 p.
784 1630 822 1692 10
834 1627 902 1710 11.).
916 1628 966 1693 21.
980 1629 1020 1693 35
1029 1628 1064 1709 ²).
1086 1628 1122 1694 In
1137 1626 1243 1694 Oreste

130 1737 310 1819 aegrotans
322 1737 355 1801 in
373 1735 453 1800 lecto
472 1735 552 1800 iacet
567 1735 697 1816 Orestes,
715 1736 789 1801 dum
802 1735 925 1802 Electra
937 1737 1100 1819 prologum
1116 1737 1242 1802 recitat:

130 1838 189 1908 ὅδε
216 1844 338 1909 dicitur
359 1864 389 1910 v.
407 1845 447 1908 35
469 1845 636 1910 secundum
658 1846 862 1910 certissimam
886 1844 1001 1910 Reislrii
1024 1844 1242 1910 coniecturam.

132 1953 249 2018 Pauca
262 1953 402 2018 addenda
418 1955 491 2020 sunt
506 1953 543 2018 de
559 1954 714 2019 Troadum
730 1955 868 2037 prologo,
892 1954 945 2037 qui
960 1953 1034 2019 durn
1049 1953 1243 2019 declamatur

132 2063 342 2145 aNeptuno,
375 2063 503 2127 Hecuba
532 2064 564 2127 in
593 2082 704 2129 scaena
735 2064 781 2128 111
814 2062 867 2144 (11.
890 2082 920 2128 v.
942 2062 1005 2144 98).
1048 2063 1115 2145 Ego
1138 2064 1243 2144 tamen

135 2172 215 2252 puto
242 2191 311 2238 earn
335 2191 405 2236 curn
427 2172 460 2236 in
482 2173 572 2254 porta
594 2172 721 2238 tentorii
743 2172 988 2256 Agamemnonis
1009 2173 1134 2254 torpens
1155 2172 1243 2237 humi

134 2279 255 2347 iaceret
279 2280 332 2360 (cf.
358 2300 387 2346 v.
412 2283 473 2346 138
485 2281 554 2365 11.),
577 2301 595 2346 a
617 2281 842 2364 spectatoribus
863 2282 963 2347 visam
984 2301 1045 2346 non
1069 2301 1141 2363 esse,
1163 2301 1243 2365 quae

135 2390 318 2455 coniectura
353 2391 475 2472 egregie
508 2391 652 2455 convenit
683 2409 753 2455 cum
785 2393 969 2474 argumento
999 2392 1030 2456 et
1057 2392 1178 2475 prologi
1212 2393 1242 2456 et

135 2497 332 2582 insequentis
348 2499 475 2582 dialogi.
504 2499 550 2563 At
566 2500 684 2579 histrio,
708 2501 761 2583 qui
784 2519 851 2565 eam
874 2500 1066 2583 praesentem
1089 2518 1153 2566 esse
1174 2501 1243 2565 ani-

135 2608 360 2687 madverterat,
394 2627 456 2672 non
486 2609 563 2673 satis
593 2609 802 2692 significatam
832 2610 919 2675 ratus
947 2628 975 2676 v.
997 2611 1048 2674 32.
1071 2613 1111 2675 33
1134 2610 1241 2675 eontra

135 2715 196 2780 loci
210 2717 382 2812 ingenium
407 2716 507 2800 digito
531 2717 666 2782 ostendit
688 2718 954 2801 spoorocorrbusr).
978 2756 1019 2766 -
1041 2719 1156 2786 Contra
1178 2721 1241 2784 ter-

136 2825 215 2891 tiam
240 2828 342 2909 lcgem
364 2827 569 2910 peccaverunt
590 2827 746 2909 Euripidis
769 2827 900 2893 editores
922 2829 1044 2910 praeter
1059 2828 1110 2893 W.
1134 2828 1239 2911 Suppl.

142 2933 191 3015 rr,
215 2935 455 3016 incorporatores
477 2933 557 2997 uod.
581 2935 630 2998 ee.
654 2935 747 3017 nrpp.
763 2935 814 3000 41.
837 2915 1002 3000 rodose.
1024 2935 1240 3018 11111111.

239 3043 362 3108 Media
395 3043 546 3125 prologi
578 3061 677 3125 pars,
716 3043 856 3108 utiam
887 3062 1002 3126 supra
1023 3044 1240 3111 identidem

143 3150 286 3229 monui,
310 3150 538 3232 gravissima
560 3152 629 3215 est:
659 3170 724 3215 eas
745 3169 801 3216 res
823 3150 1104 3233 spectatoribus
1127 3140 1240 3218 enarss

140 3260 218 3339 rat,
255 3259 390 3342 quibus
412 3258 566 3324 fabulae
588 3259 689 3325 actio
712 3259 860 3324 nititur.
905 3259 941 3325 Si
963 3260 1084 3326 toturn
1112 3262 1240 3329 drama

145 3460 343 3472 —-—-

243 3597 269 3666 1)
286 3597 420 3652 Alcmena
440 3598 470 3651 in
488 3614 587 3652 scaena
606 3615 662 3652 non
681 3596 859 3667 conspicitur,
879 3612 965 3665 quare
980 3600 1169 3651 caretnomen
1182 3593 1240 3649 eius

143 3694 304 3757 pronomine
323 3689 371 3746 ὅδε
389 3712 416 3749 v.
434 3695 478 3748 41.

240 3791 267 3858 2)
285 3791 363 3846 Nihil
381 3791 458 3845 valet
476 3797 574 3846 contra
591 3809 681 3847 meam
699 3791 875 3855 sententiam,
904 3790 979 3860 quod
998 3790 1027 3843 in
1045 3790 1162 3860 prologo
1182 3806 1238 3841 orn-

144 3883 208 3940 nino
226 3905 281 3942 non
301 3891 555 3943 commemorantur
574 3889 626 3942 filii
645 3889 746 3943 ducum
764 3888 984 3956 interfectorum,
1003 3905 1072 3956 qnos
1090 3887 1120 3940 in
1138 3903 1239 3942 scaena

145 3979 235 4037 adesse
257 3985 338 4039 docet
360 4003 386 4039 v.
408 3987 466 4039 106.
504 3985 649 4040 Eiusmodi
676 4003 810 4056 personae
833 3984 974 4040 veteribus
997 4000 1080 4038 verae
1104 4000 1240 4053 personae

147 4085 305 4135 nouerant.

239 4179 267 4247 3)
285 4165 446 4248 Iphigeniae
457 4177 616 4232 Aulidensis
627 4179 769 4248 prologus,
788 4178 836 4246 qui
850 4195 884 4232 ex
896 4177 1003 4231 tradita
1016 4138 1238 4231 conformatione

147 4283 206 4326 sene
228 4279 373 4344 praesente
400 4275 435 4328 ab
457 4276 665 4346 Agamemnone
693 4275 837 4343 recitatur,
865 4275 895 4328 in
921 4291 1034 4328 censum
1056 4272 1155 4361 uenire
1182 4290 1237 4326 non

147 4369 240 4430 roboc.
259 4400 294 4410 —
315 4370 387 4440 Quid
405 4371 440 4426 de
458 4373 624 4442 pronomine
642 4367 690 4425 dria
709 4370 755 4425 Tr.
774 4373 809 4424 22
828 4370 997 4426 monendum
1015 4369 1053 4424 sit
1071 4387 1096 4424 v.
1115 4389 1142 4440 p.
1162 4369 1204 4423 17.
