3170 5134
813 445 849 498 80

286 615 400 698 gendos
431 632 495 680 esse
521 615 625 696 aperte
652 612 770 680 indicat
794 631 963 695 pronomen
984 637 1033 678 νιν
1053 605 1153 690 αὐτάς
1172 632 1201 678 v.
1223 613 1263 676 32
1273 616 1305 689 ²).
1337 647 1377 660 -

286 722 353 787 Iam
375 721 465 786 finita
486 723 532 786 est
554 741 589 787 ea
611 721 732 805 prologi
750 739 831 804 pars,
854 739 932 803 quae
946 739 1075 804 poenam
1090 739 1229 787 sororum
1244 720 1377 787 Semeles

287 831 424 908 enarrat;
470 831 522 896 sed
554 829 744 915 superadditi
781 833 854 896 sunt
885 831 974 912 quasi
1009 830 1149 895 clausula
1185 849 1213 894 v.
1242 830 1378 894 39-42.

286 939 402 1006 Statim
423 940 511 1005 uobis
538 940 670 1022 suspicio
695 939 843 1018 oboritur,
874 939 957 1022 quod
985 940 1095 1004 horum
1117 955 1260 1004 versuum
1282 955 1378 1021 argu·

286 1049 424 1114 mentum
445 1049 491 1114 ite
516 1048 728 1131 comparatum
750 1050 805 1127 est,
830 1049 866 1112 ut
889 1048 1017 1114 mavelis
1038 1049 1071 1112 in
1093 1047 1154 1112 fine
1176 1047 1273 1113 totius
1287 1066 1378 1112 enar·

285 1156 415 1223 rationis
444 1158 546 1240 legere
576 1158 607 1224 et
636 1175 775 1222 sororum
806 1156 937 1223 Semeles
970 1157 1001 1222 et
1033 1155 1164 1222 Penthei
1196 1155 1377 1221 criminibus

286 1266 449 1348 poenisque
480 1265 634 1349 expositis.
687 1266 732 1331 At
763 1266 809 1331 ibi
837 1268 930 1333 verba
959 1267 1121 1345 habemus,
1161 1283 1239 1347 quae
1271 1264 1375 1346 aptam

286 1371 423 1437 efficiant
445 1371 632 1437 clausulam:

444 1504 484 1569 47
528 1487 573 1567 ὧν
595 1498 697 1570 οὕνεκ’
719 1503 806 1591 αὐτῷ
822 1501 910 1583 ,θεὸς
930 1500 1030 1590 γεγώς
1051 1504 1231 1590 ἐνδείξομαι

526 1611 646 1679 πᾶσίν
666 1637 707 1678 τε
729 1613 973 1700 Θηβαίοισιν·

286 1766 416 1831 quornm
437 1749 513 1813 haec
535 1749 641 1814 nostra
664 1749 737 1812 sunt
758 1747 958 1830 amplificatio
982 1748 1073 1814 laude
1094 1767 1155 1813 non
1170 1749 1275 1832 digna.
1306 1749 1376 1816 Duo

286 1858 366 1922 enim
387 1857 545 1922 continent
568 1857 791 1939 complementa
813 1857 1016 1940 ineptissima,
1033 1872 1169 1940 ‘quorum
1184 1859 1315 1922 alterum
1331 1860 1376 1924 est

285 1961 336 2032 κεί
355 1964 400 2053 μή
419 1964 513 2031 θέλει
535 1985 562 2030 v.
582 1967 632 2030 39.
677 1966 728 2029 An
748 1966 914 2048 quisquam
936 1967 1030 2031 etiem
1051 1985 1107 2032 sua
1128 1967 1234 2048 sponte
1253 1962 1377 2030 παθών

285 2069 470 2156 μανθάνειν
511 2073 571 2140 Sed
600 2075 702 2141 voluit
732 2075 833 2157 poeta,
868 2075 1032 2158 postquam
1053 2093 1082 2139 s.
1106 2075 1146 2138 39
1167 2059 1313 2158 scripsit,
1333 2075 1376 2140 sic

286 2183 348 2250 fere
369 2203 509 2268 pergere:
531 2182 672 2269 φανέντα
694 2206 735 2266 με
757 2187 895 2268 θνητοῖς
917 2181 1062 2265 δαίμονα,
1085 2185 1153 2248 tum
1175 2184 1238 2250 alia
1261 2185 1375 2249 absona

285 2293 464 2358 immiscuit.
494 2292 587 2359 Vides
609 2293 745 2376 lepidum
767 2293 887 2358 falsarii
908 2293 1082 2376 ingenium!
1110 2292 1253 2358 Alterum
1278 2294 1376 2358 exstat

286 2423 315 2469 v.
336 2405 392 2468 42:
424 2391 462 2467 ὃν
482 2401 584 2467 τίκτει
606 2401 670 2482 Διί,
692 2403 786 2468 verba
807 2402 846 2468 ad
869 2402 1007 2468 taedium
1029 2403 1236 2485 spectatorum
1250 2403 1375 2468 auribus

285 2511 450 2577 inculcata.
503 2511 561 2576 His
590 2511 690 2595 igitur
721 2512 859 2577 versibus
890 2511 1018 2577 abiectis
1046 2512 1085 2576 ad
1103 2511 1245 2590 ¹alteram
1268 2531 1376 2577 narra·

284 2620 379 2684 tionis
409 2620 527 2702 partem
560 2620 762 2702 pervenimus,
796 2638 876 2702 quae
903 2621 949 2684 est
979 2619 1017 2684 de
1045 2620 1192 2686 Pentheo.
1235 2620 1376 2685 Breviter

285 2729 426 2795 Bacchus
446 2728 593 2794 iniuriam
616 2728 681 2793 eius
702 2729 821 2794 indicat
848 2730 879 2794 et
905 2748 1033 2811 poenam
1060 2728 1214 2805 minatur3
1247 2728 1322 2811 quin
1346 2748 1375 2794 v.

285 2837 335 2902 48.
358 2838 398 2902 49
424 2837 531 2903 futura
560 2838 682 2918 itinera,
716 2858 794 2922 quae
826 2839 974 2904 excedunt
1004 2838 1182 2924 tragoediae
1213 2837 1374 2915 actionem,

286 2947 475 3028 pronuntiat.
503 2946 605 3028 Quare
620 2966 681 3013 non
695 2947 866 3027 miraberis,
889 2947 916 3012 si
930 2947 998 3014 dieo
1020 2948 1078 3012 boc
1098 2947 1165 3013 loco
1187 2947 1285 3011 totius
1305 2963 1376 3028 pro-

286 3054 351 3137 logi
372 3055 538 3120 terminum
560 3057 693 3122 haerere.
736 3056 821 3137 Quae
845 3057 916 3121 inde
938 3076 957 3122 a
979 3076 1007 3122 v.
1030 3058 1069 3122 50
1091 3055 1248 3138 leguntur,
1271 3053 1376 3136 spuria

285 3164 359 3227 sunt
378 3163 491 3244 omnia,
516 3164 568 3230 sed
589 3166 746 3230 variorum
768 3166 798 3230 et
818 3166 992 3247 temporum
1012 3164 1042 3230 et
1056 3165 1216 3229 bominum
1233 3164 1322 3229 fetus.
1336 3197 1375 3210 -

285 3271 489 3354 Inspiciamus
510 3273 645 3356 singula.
701 3274 890 3339 Traducitur
912 3275 1011 3340 oratio
1040 3293 1068 3339 v.
1094 3273 1135 3339 50
1163 3273 1283 3338 miseris
1308 3291 1376 3337 ver-

285 3379 333 3445 bis
354 3373 479 3456 ὄεικνύς
499 3374 646 3461 ἐμαυτόν,
679 3399 733 3463 pro
760 3382 871 3464 quibus
898 3383 979 3447 certe
1001 3379 1116 3462 δείξων
1139 3374 1278 3464 ἐμαυτόν
1299 3380 1376 3445 sori-

286 3487 419 3554 bondum
442 3487 517 3553 erat.
557 3487 638 3552 'llum
658 3487 736 3553 miro
758 3489 850 3554 modo
872 3489 954 3554 redit
974 3490 1014 3554 ad
1034 3489 1167 3573 priorem
1187 3488 1375 3556 narrationis

387 3739 413 3810 1)
432 3739 597 3810 Saepissime
615 3744 676 3796 erte
693 3758 765 3796 nexa
786 3740 1000 3812 interpolatores
1024 3741 1183 3796 disiunxere
1204 3751 1382 3812 magnusque

285 3851 413 3890 versuum
437 3855 567 3892 numerus
590 3836 662 3892 hanc
684 3837 720 3892 ob
741 3855 852 3893 eausam
869 3838 976 3894 deletus
1001 3842 1051 3894 est.
1087 3839 1166 3893 Adde
1186 3838 1295 3893 Heraol.
1315 3839 1375 3906 iss,

285 3931 333 3998 qui
352 3935 435 4000 quem
453 3933 607 4004 superfluus
625 3935 671 4004 sit,
690 3935 845 4005 apparebit,
864 3935 888 3992 si
905 3936 954 3990 illo
972 3935 1074 3991 omisso
1092 3936 1184 3992 locum
1204 3937 1291 4006 leges:

392 4023 394 4027 ’
481 4031 542 4084 ἐπεὶ
558 4029 612 4102 γὰρ
628 4025 738 4103 Ἄργους
754 4027 786 4086 οὔ
803 4016 917 4104 μέτεσθ’
936 4031 1005 4105 ἡμῖν
1021 4033 1067 4098 ἔτι,

482 4121 569 4199 ψήφῳ
589 4127 718 4196 δοκῆσαν,
736 4124 803 4182 sue
823 4122 966 4200 φεύγομεν
983 4122 1096 4199 πάτραν,

484 4224 542 4283 πῶς
561 4217 597 4279 ἂν
614 4225 724 4284 δικαίως
742 4223 782 4284 ὥς
801 4230 1014 4292 Μυκηναίους
1032 4219 1110 4294 slyer,-

480 4319 569 4378 ξένοι
586 4315 640 4392 γάρ
658 4321 751 4393 ἐσμεν.
