3124 5138
840 480 874 536 lc

311 667 407 731 nsque
434 648 474 714 ad
505 667 573 713 eum
603 649 683 714 diem
705 649 745 715 ad
775 650 942 716 servandos
962 649 1076 718 liberos
1098 651 1163 716 eius
1183 667 1343 732 perpessus
1365 649 1406 716 sit

310 757 353 842 (v.
377 757 522 840 12-47).
566 758 625 822 Vix
649 758 705 824 ille
738 759 848 824 offatm
868 760 1033 843 Eurysthei
1055 777 1235 843 praeconem
1258 759 1408 842 conspicit

308 867 490 948 liberosque,
513 867 549 930 ut
571 869 702 933 caueant
724 887 802 952 eum,
825 869 972 935 admonet
992 869 1033 953 (v.
1055 868 1204 953 48-54).

409 976 481 1056 Ipsa
503 975 603 1057 prima
629 977 749 1060 prologi
771 978 925 1044 sententia
946 978 1030 1044 haud
1052 979 1155 1061 parvis
1177 977 1300 1044 laborat
1323 976 1405 1042 diffi-

312 1083 491 1171 cultatibus.
535 1084 573 1150 V.
591 1086 715 1151 enim2

502 1191 519 1256 ὁ
540 1191 600 1274 μὲν
621 1191 745 1271 δίκαιος
765 1197 837 1272 τοῖς
859 1193 961 1272 πέλας
982 1191 1101 1280 πέφυκ’
1122 1187 1201 1279 ἀνήρ

311 1302 476 1366 Elmsleius
497 1302 580 1366 idem
601 1304 702 1368 voluit
724 1303 909 1388 significare,
933 1305 1014 1386 quod
1030 1304 1144 1370 Lucan.
1161 1302 1270 1369 Phars.
1282 1303 1404 1370 11383:

312 1411 397 1492 „Neo
419 1411 479 1476 sibi
503 1412 555 1475 sed
576 1411 637 1474 toti
658 1411 799 1493 genitum
820 1431 851 1476 se
871 1410 993 1477 credere
1014 1411 1158 1476 mundo.“
1198 1411 1335 1494 Vapulat
1356 1411 1406 1475 ta-

313 1539 382 1584 men
404 1519 620 1602 grammatica,
644 1519 725 1602 quod
742 1520 875 1584 iamdiu
895 1521 1077 1602 interpretes
1101 1521 1322 1604 cognorerunt.
1354 1519 1406 1584 Illi

310 1629 409 1711 igitur
429 1627 607 1710 Euripidem
630 1628 707 1694 haec
727 1628 879 1694 dicentem
904 1629 1058 1693 fecerunt:
1096 1629 1206 1711 „Alter
1231 1629 1280 1694 vir
1308 1629 1407 1692 iustus

208 1730 211 1736 ’
312 1738 358 1801 est
380 1737 412 1800 in
434 1738 616 1818 proximos.“
662 1737 720 1802 Sed
742 1757 780 1803 ne
801 1739 931 1821 tangam
955 1737 1034 1802 illud
1058 1737 1183 1814 δίκαιος
1200 1741 1272 1814 τοῖς
1296 1736 1406 1821 πέλας,

312 1845 394 1928 quod
416 1845 489 1909 ferri
511 1863 597 1928 posse
613 1845 663 1910 vix
679 1845 779 1924 oredo,
802 1846 871 1928 quis
892 1846 1018 1912 tandem
1032 1846 1211 1929 Euripidem
1225 1847 1292 1913 tam
1307 1846 1407 1928 pueri·
1484 1891 1489 1900 -

311 1954 354 2018 lie
376 1954 412 2018 ut
433 1951 609 2038 δεδογμένα
629 1955 804 2020 venditasse
827 1955 1052 2021 existumabit?
1091 1956 1162 2022 Scio
1184 1955 1302 2022 Orestis
1323 1974 1406 2022 exor-

312 2062 396 2128 dium
428 2082 489 2128 non
520 2064 689 2146 exquisitae
716 2065 885 2146 sapientiae
914 2066 1066 2147 specimen
1097 2084 1174 2130 esse:
1212 2067 1317 2130 tamen
1349 2065 1408 2130 hoc

312 2172 417 2245 nostro
440 2173 540 2238 multo
560 2173 607 2238 est
628 2172 812 2255 elegantius.
845 2173 957 2238 Melius
980 2173 1197 2239 difficultatem
1219 2172 1328 2239 tollere
1341 2175 1371 2238 st
1393 2207 1408 2220 ·

233 2286 235 2289 ’
312 2279 381 2344 duit
414 2281 566 2360 Reiskiue,
600 2281 654 2364 qui
684 2281 755 2364 post
787 2301 815 2346 v.
839 2282 858 2344 2
886 2281 989 2346 deesse
1015 2281 1201 2348 versiculum
1234 2280 1409 2365 suspicatur

310 2390 402 2454 huius
423 2389 487 2454 fere
507 2390 641 2456 formae:
676 2404 678 2408 ·

476 2491 664 2581 πρόθυμος,
687 2489 902 2577 sedunenses,
925 2491 968 2565 ου’
988 2497 1083 2583 κέρδη
1103 2498 1244 2581 βλέπων.

312 2606 428 2672 Temen
451 2627 488 2672 ne
509 2607 594 2672 illius
615 2608 739 2690 quidem
761 2608 910 2674 iudicium
926 2609 1029 2691 probo.
1059 2608 1227 2691 Oppositae
1243 2607 1324 2673 enim
1340 2627 1409 2674 sen·

256 2713 258 2720 “
311 2715 429 2780 tentiae
451 2716 623 2781 subiectum
644 2717 747 2782 toturn
769 2735 798 2782 r.
821 2716 969 2800 capra,
998 2737 1069 2782 oum
1090 2717 1214 2808 nostroe
1235 2718 1408 2784 subiectum

311 2823 378 2888 sola
399 2825 492 2890 verba
515 2823 533 2888 ὁ
555 2822 614 2906 μὲν
634 2823 759 2902 δίκαιος
780 2826 952 2901 contineam
973 2844 1069 2908 quare
1089 2825 1181 2890 facile
1203 2825 1337 2891 conicias
1359 2825 1409 2890 tc·

311 2933 378 2998 tam
400 2934 585 2998 sententiam
606 2953 667 2999 uno
687 2953 777 3001 uersu
799 2953 864 3000 esse
885 2935 1069 3001 absolutam.
1113 2935 1225 3016 Itaque
1238 2925 1320 3018 ἀνήρ
1340 2951 1430 2998 cor-·

311 3043 437 3124 ruptum
471 3043 644 3124 putandum
673 3044 728 3108 est.
784 3044 856 3108 Non
885 3063 990 3110 versus
1015 3043 1213 3122 restituendi,
1251 3042 1304 3108 sed
1334 3041 1410 3125 quid

312 3149 500 3216 desideretur
521 3151 715 3217 monstrandi
738 3171 831 3217 cansa
852 3153 969 3218 scribo':
1087 3232 1089 3239 Ι

498 3253 515 3323 ὁ
536 3258 596 3341 μὲν
615 3257 739 3337 δίκαιος
760 3262 849 3346 φῶς
869 3259 997 3347 πέφυκε
1019 3264 1091 3337 τοῖς
1115 3259 1225 3338 πέλας.

313 3367 353 3432 cf.
373 3369 439 3433 Ion.
462 3369 552 3434 1439.
575 3368 627 3434 Or.
650 3371 721 3434 243.
756 3404 798 3414 -
829 3370 865 3436 V.
889 3372 908 3434 3
937 3371 1016 3436 bono
1030 3385 1128 3435 sensu
1158 3370 1252 3451 caret,
1283 3355 1347 3458 nisi
1373 3385 1409 3432 er

313 3473 398 3540 Stob.
422 3475 488 3540 flor.
506 3478 587 3559 10,1
611 3475 720 3561 φίλοις
741 3497 796 3561 pro
816 3472 915 3543 πόλει
937 3480 1143 3562 restituimns3
1157 3477 1269 3560 ne'que
1290 3476 1407 3542 aoristo

312 3579 503 3665 συναλλάξαι
529 3585 665 3652 eiusdem
695 3589 830 3653 auctoris
861 3588 952 3654 fidem
982 3588 1139 3671 denegem.
1183 3585 1272 3668 Quod
1303 3585 1408 3652 autem

313 3691 461 3759 Stobaeus
483 3696 554 3759 v.5

349 3862 351 3867 .
470 3797 559 3887 αὐτῷ
581 3804 609 3868 d’
633 3793 783 3886 ἄριστος·
808 3797 883 3870 οἶδα
903 3806 932 3869 δ’
956 3797 994 3870 οὐ
1016 3800 1101 3889 λόγῳ
1122 3798 1244 3886 μαθών

313 3909 350 3974 ad
376 3910 501 3976 eandem
524 3914 709 3979 sententiam
732 3915 936 3997 pertinentem
959 3913 1088 3998 omittit,
1110 3913 1186 3979 mihi
1201 3910 1407 3978 leviusculum

313 4018 446 4099 quidem,
479 4020 531 4085 sed
562 4023 667 4087 tamen
695 4041 755 4087 non
783 4022 1008 4105 neglegendum
1034 4021 1157 4086 videtur
1177 4018 1407 4102 argumentum

313 4126 377 4190 eius
405 4127 459 4206 rei,
492 4148 571 4211 qnae
599 4131 675 4196 mihi
705 4132 839 4197 absurda
864 4132 957 4196 verba
981 4125 1070 4215 αὐτῷ
1096 4129 1125 4194 δ’
1151 4117 1285 4212 ἄριστος
1307 4125 1410 4192 consi·

313 4232 435 4300 deranti
457 4238 534 4302 satis
556 4241 693 4306 constat:
727 4241 809 4305 hunc
831 4258 953 4304 versum
976 4259 994 4304 a
1015 4238 1141 4304 falsario
1168 4257 1232 4303 esse
1253 4235 1404 4303 additum.

313 4341 402 4408 Certe
419 4346 569 4414 Stobaeus
591 4368 824 4432 nonnumquam
840 4350 1006 4431 Euripiden
1024 4349 1149 4430 puriora
1169 4347 1282 4423 tradit;
1308 4343 1403 4410 relut'
