<?xml version="1.0" encoding="UTF-8"?>
<!DOCTYPE html PUBLIC "-//W3C//DTD XHTML 1.0 Transitional//EN"
    "http://www.w3.org/TR/xhtml1/DTD/xhtml1-transitional.dtd">
<html xmlns="http://www.w3.org/1999/xhtml" xml:lang="en" lang="en">
 <head>
  <title>
</title>
<meta http-equiv="Content-Type" content="text/html;charset=utf-8" />
  <meta name='ocr-system' content='tesseract 3.04.00' />
  <meta name='ocr-capabilities' content='ocr_page ocr_carea ocr_par ocr_line ocrx_word'/>
</head>
<body>
  <div class='ocr_page' id='page_1' title='image "./deeuripideorump00klingoog_0093.png"; bbox 0 0 3170 5134; ppageno 0'>
   <div class='ocr_carea' id='block_1_1' title="bbox 829 479 972 533">
    <p class='ocr_par' dir='ltr' id='par_1_1' title="bbox 829 479 972 533">
     <span class='ocr_line' id='line_1_1' title="bbox 829 479 972 533; baseline -0.021 0"><span class='ocrx_word' id='word_1_1' title='bbox 829 479 972 533; x_wconf 65' lang='lat'>90¹,</span> 
     </span>
    </p>
   </div>
   <div class='ocr_carea' id='block_1_2' title="bbox 299 647 1394 846">
    <p class='ocr_par' dir='ltr' id='par_1_2' title="bbox 299 647 1394 846">
     <span class='ocr_line' id='line_1_2' title="bbox 300 647 1394 736; baseline 0.005 -26"><span class='ocrx_word' id='word_1_2' title='bbox 300 647 460 732; x_wconf 78' lang='lat' dir='ltr'>Euripides</span> <span class='ocrx_word' id='word_1_3' title='bbox 482 651 611 716; x_wconf 88' lang='lat' dir='ltr'>tertium</span> <span class='ocrx_word' id='word_1_4' title='bbox 632 653 710 718; x_wconf 93' lang='lat' dir='ltr'>illud</span> <span class='ocrx_word' id='word_1_5' title='bbox 731 653 762 718; x_wconf 91' lang='lat' dir='ltr'>in</span> <span class='ocrx_word' id='word_1_6' title='bbox 786 654 881 719; x_wconf 82' lang='lat' dir='ltr'>eliam</span> <span class='ocrx_word' id='word_1_7' title='bbox 904 654 1048 732; x_wconf 80' lang='lat' dir='ltr'>sormam,</span> <span class='ocrx_word' id='word_1_8' title='bbox 1082 669 1250 736; x_wconf 82' lang='lat' dir='ltr'>quaecum</span> <span class='ocrx_word' id='word_1_9' title='bbox 1273 652 1394 716; x_wconf 85' lang='lat' dir='ltr'>sentcn-</span> 
     </span>
     <span class='ocr_line' id='line_1_3' title="bbox 299 757 1392 846; baseline 0.004 -26"><span class='ocrx_word' id='word_1_10' title='bbox 299 757 361 822; x_wconf 83' lang='lat' dir='ltr'>tiae</span> <span class='ocrx_word' id='word_1_11' title='bbox 384 777 475 824; x_wconf 91' lang='lat' dir='ltr'>sensu</span> <span class='ocrx_word' id='word_1_12' title='bbox 496 760 606 825; x_wconf 89' lang='lat' dir='ltr'>melius</span> <span class='ocrx_word' id='word_1_13' title='bbox 629 762 818 841; x_wconf 82' lang='lat' dir='ltr'>congrueret,</span> <span class='ocrx_word' id='word_1_14' title='bbox 841 763 970 846; x_wconf 81' lang='lat' dir='ltr'>redegit.</span> <span class='ocrx_word' id='word_1_15' title='bbox 998 797 1038 808; x_wconf 88' lang='lat'>-</span> <span class='ocrx_word' id='word_1_16' title='bbox 1069 761 1228 844; x_wconf 82' lang='lat' dir='ltr'>Singulari</span> <span class='ocrx_word' id='word_1_17' title='bbox 1251 759 1341 826; x_wconf 93' lang='lat' dir='ltr'>modo</span> <span class='ocrx_word' id='word_1_18' title='bbox 1364 780 1392 824; x_wconf 86' lang='lat' dir='ltr'>v.</span> 
     </span>
    </p>
   </div>
   <div class='ocr_carea' id='block_1_3' title="bbox 299 849 1493 964">
    <p class='ocr_par' dir='ltr' id='par_1_3' title="bbox 299 849 1493 964">
     <span class='ocr_line' id='line_1_4' title="bbox 299 849 1493 964; baseline 0.005 -34"><span class='ocrx_word' id='word_1_19' title='bbox 299 867 339 930; x_wconf 88' lang='lat'>60</span> <span class='ocrx_word' id='word_1_20' title='bbox 361 868 487 932; x_wconf 90' lang='lat' dir='ltr'>verbum</span> <span class='ocrx_word' id='word_1_21' title='bbox 508 865 697 951; x_wconf 75' lang='grc' dir='ltr'><strong><em>ἐπαρᾶσθαι</em></strong></span> <span class='ocrx_word' id='word_1_22' title='bbox 719 874 902 953; x_wconf 83' lang='lat' dir='ltr'>usurpatum</span> <span class='ocrx_word' id='word_1_23' title='bbox 925 873 980 936; x_wconf 91' lang='lat' dir='ltr'>est.</span> <span class='ocrx_word' id='word_1_24' title='bbox 1029 871 1206 936; x_wconf 82' lang='lat' dir='ltr'>Nemeum</span> <span class='ocrx_word' id='word_1_25' title='bbox 1234 869 1316 951; x_wconf 81' lang='lat' dir='ltr'>apud</span> <span class='ocrx_word' id='word_1_26' title='bbox 1344 885 1394 932; x_wconf 90' lang='lat' dir='ltr'>ce·</span> <span class='ocrx_word' id='word_1_27' title='bbox 1459 955 1463 964; x_wconf 34' lang='grc'>,</span> <span class='ocrx_word' id='word_1_28' title='bbox 1490 849 1493 858; x_wconf 51' lang='grc'>’</span> 
     </span>
    </p>
   </div>
   <div class='ocr_carea' id='block_1_4' title="bbox 298 978 1394 1386">
    <p class='ocr_par' dir='ltr' id='par_1_4' title="bbox 298 978 1394 1386">
     <span class='ocr_line' id='line_1_5' title="bbox 298 978 1393 1062; baseline 0.001 -22"><span class='ocrx_word' id='word_1_29' title='bbox 298 979 380 1041; x_wconf 84' lang='lat' dir='ltr'>ieros</span> <span class='ocrx_word' id='word_1_30' title='bbox 401 978 565 1061; x_wconf 74' lang='lat' dir='ltr'>scriptores</span> <span class='ocrx_word' id='word_1_31' title='bbox 588 981 787 1062; x_wconf 79' lang='lat' dir='ltr'>„imprecsri“</span> <span class='ocrx_word' id='word_1_32' title='bbox 812 980 973 1061; x_wconf 82' lang='lat' dir='ltr'>significet,</span> <span class='ocrx_word' id='word_1_33' title='bbox 1008 982 1113 1045; x_wconf 88' lang='lat' dir='ltr'>nostro</span> <span class='ocrx_word' id='word_1_34' title='bbox 1140 980 1207 1044; x_wconf 90' lang='lat' dir='ltr'>lnoo</span> <span class='ocrx_word' id='word_1_35' title='bbox 1237 978 1393 1042; x_wconf 87' lang='lat' dir='ltr'>notionem</span> 
     </span>
     <span class='ocr_line' id='line_1_6' title="bbox 299 1080 1392 1174; baseline 0 -24"><span class='ocrx_word' id='word_1_36' title='bbox 299 1085 392 1150; x_wconf 84' lang='lat' dir='ltr'>lrabct</span> <span class='ocrx_word' id='word_1_37' title='bbox 421 1085 653 1163; x_wconf 81' lang='lat' dir='ltr'>„iusiurandum</span> <span class='ocrx_word' id='word_1_38' title='bbox 680 1080 744 1174; x_wconf 78' lang='grc' dir='ltr'>ἀρᾷ</span> <span class='ocrx_word' id='word_1_39' title='bbox 774 1089 985 1154; x_wconf 62' lang='lat' dir='ltr'>confirmaret</span> <span class='ocrx_word' id='word_1_40' title='bbox 1029 1088 1089 1156; x_wconf 88' lang='lat' dir='ltr'>Sed</span> <span class='ocrx_word' id='word_1_41' title='bbox 1121 1089 1201 1152; x_wconf 92' lang='lat' dir='ltr'>illud</span> <span class='ocrx_word' id='word_1_42' title='bbox 1232 1104 1392 1169; x_wconf 89' lang='lat' dir='ltr'>procorum</span> 
     </span>
     <span class='ocr_line' id='line_1_7' title="bbox 298 1193 1394 1280; baseline 0.001 -23"><span class='ocrx_word' id='word_1_43' title='bbox 298 1193 514 1260; x_wconf 81' lang='lat' dir='ltr'>iusiurandum</span> <span class='ocrx_word' id='word_1_44' title='bbox 537 1197 614 1261; x_wconf 89' lang='lat' dir='ltr'>mihi</span> <span class='ocrx_word' id='word_1_45' title='bbox 636 1197 761 1280; x_wconf 87' lang='lat' dir='ltr'>quidem</span> <span class='ocrx_word' id='word_1_46' title='bbox 783 1198 866 1263; x_wconf 88' lang='lat' dir='ltr'>finiri</span> <span class='ocrx_word' id='word_1_47' title='bbox 889 1198 1011 1263; x_wconf 86' lang='lat' dir='ltr'>uidetur</span> <span class='ocrx_word' id='word_1_48' title='bbox 1033 1217 1063 1263; x_wconf 87' lang='lat' dir='ltr'>v.</span> <span class='ocrx_word' id='word_1_49' title='bbox 1078 1199 1136 1274; x_wconf 85' lang='lat'>63;</span> <span class='ocrx_word' id='word_1_50' title='bbox 1157 1195 1306 1278; x_wconf 75' lang='lat' dir='ltr'>adscripti</span> <span class='ocrx_word' id='word_1_51' title='bbox 1321 1196 1394 1259; x_wconf 92' lang='lat' dir='ltr'>sunt</span> 
     </span>
     <span class='ocr_line' id='line_1_8' title="bbox 299 1302 779 1386; baseline 0.01 -19"><span class='ocrx_word' id='word_1_52' title='bbox 299 1302 338 1367; x_wconf 82' lang='lat' dir='ltr'>ab</span> <span class='ocrx_word' id='word_1_53' title='bbox 359 1302 581 1386; x_wconf 80' lang='lat' dir='ltr'>interpolatore</span> <span class='ocrx_word' id='word_1_54' title='bbox 602 1326 629 1371; x_wconf 86' lang='lat' dir='ltr'>v.</span> <span class='ocrx_word' id='word_1_55' title='bbox 652 1308 703 1372; x_wconf 88' lang='grc'>64.</span> <span class='ocrx_word' id='word_1_56' title='bbox 724 1309 779 1372; x_wconf 79' lang='lat'>65:</span> 
     </span>
    </p>
   </div>
   <div class='ocr_carea' id='block_1_5' title="bbox 441 1427 1202 1632">
    <p class='ocr_par' dir='ltr' id='par_1_5' title="bbox 441 1427 1202 1632">
     <span class='ocr_line' id='line_1_9' title="bbox 447 1427 1175 1524; baseline 0 -24"><span class='ocrx_word' id='word_1_57' title='bbox 447 1427 740 1520; x_wconf 77' lang='grc' dir='ltr'><strong><em>κάπιστρατεύσειν</em></strong></span> <span class='ocrx_word' id='word_1_58' title='bbox 761 1439 816 1503; x_wconf 81' lang='grc' dir='ltr'>καὶ</span> <span class='ocrx_word' id='word_1_59' title='bbox 836 1434 1058 1524; x_wconf 80' lang='grc' dir='ltr'><strong><em>κατασκάψειν</em></strong></span> <span class='ocrx_word' id='word_1_60' title='bbox 1078 1433 1175 1503; x_wconf 83' lang='grc' dir='ltr'><strong><em>πόλιν</em></strong></span> 
     </span>
     <span class='ocr_line' id='line_1_10' title="bbox 441 1541 1202 1632; baseline 0.001 -20"><span class='ocrx_word' id='word_1_61' title='bbox 441 1541 564 1632; x_wconf 80' lang='grc' dir='ltr'><strong><em>Ἕλλην’</em></strong></span> <span class='ocrx_word' id='word_1_62' title='bbox 588 1542 711 1629; x_wconf 85' lang='grc' dir='ltr'>ὁμοίως</span> <span class='ocrx_word' id='word_1_63' title='bbox 731 1543 897 1632; x_wconf 82' lang='grc' dir='ltr'><strong><em>βάρβαρόν</em></strong></span> <span class='ocrx_word' id='word_1_64' title='bbox 918 1549 953 1615; x_wconf 73' lang='grc' dir='ltr'>θ’</span> <span class='ocrx_word' id='word_1_65' title='bbox 978 1545 1090 1614; x_wconf 79' lang='grc' dir='ltr'><strong><em>ὅπλων</em></strong></span> <span class='ocrx_word' id='word_1_66' title='bbox 1111 1546 1202 1632; x_wconf 83' lang='grc' dir='ltr'><strong><em>μέτα.</em></strong></span> 
     </span>
    </p>
   </div>
   <div class='ocr_carea' id='block_1_6' title="bbox 300 1682 1396 1764">
    <p class='ocr_par' dir='ltr' id='par_1_6' title="bbox 300 1682 1396 1764">
     <span class='ocr_line' id='line_1_11' title="bbox 300 1682 1396 1764; baseline 0.002 -20"><span class='ocrx_word' id='word_1_67' title='bbox 300 1682 346 1746; x_wconf 91' lang='lat' dir='ltr'>De</span> <span class='ocrx_word' id='word_1_68' title='bbox 367 1682 533 1764; x_wconf 88' lang='lat' dir='ltr'>posteriore</span> <span class='ocrx_word' id='word_1_69' title='bbox 555 1702 644 1748; x_wconf 85' lang='lat' dir='ltr'>versu</span> <span class='ocrx_word' id='word_1_70' title='bbox 666 1684 746 1749; x_wconf 92' lang='lat' dir='ltr'>idem</span> <span class='ocrx_word' id='word_1_71' title='bbox 769 1685 876 1750; x_wconf 87' lang='lat' dir='ltr'>docuit</span> <span class='ocrx_word' id='word_1_72' title='bbox 897 1685 1104 1763; x_wconf 72' lang='lat' dir='ltr'>Eumenous,</span> <span class='ocrx_word' id='word_1_73' title='bbox 1137 1683 1330 1764; x_wconf 84' lang='lat' dir='ltr'>vituperatus</span> <span class='ocrx_word' id='word_1_74' title='bbox 1355 1683 1396 1748; x_wconf 88' lang='lat' dir='ltr'>eb</span> 
     </span>
    </p>
   </div>
   <div class='ocr_carea' id='block_1_7' title="bbox 302 1790 1436 1874">
    <p class='ocr_par' dir='ltr' id='par_1_7' title="bbox 302 1790 1436 1874">
     <span class='ocr_line' id='line_1_12' title="bbox 302 1790 1436 1874; baseline 0.002 -21"><span class='ocrx_word' id='word_1_75' title='bbox 302 1790 477 1872; x_wconf 87' lang='lat' dir='ltr'>Hurtnngo‚</span> <span class='ocrx_word' id='word_1_76' title='bbox 510 1793 592 1874; x_wconf 90' lang='lat' dir='ltr'>quod</span> <span class='ocrx_word' id='word_1_77' title='bbox 615 1793 716 1858; x_wconf 81' lang='lat' dir='ltr'>oensis</span> <span class='ocrx_word' id='word_1_78' title='bbox 745 1813 806 1858; x_wconf 92' lang='lat' dir='ltr'>non</span> <span class='ocrx_word' id='word_1_79' title='bbox 829 1793 957 1859; x_wconf 82' lang='lat' dir='ltr'>adiectis</span> <span class='ocrx_word' id='word_1_80' title='bbox 978 1811 1100 1858; x_wconf 85' lang='lat' dir='ltr'>versum</span> <span class='ocrx_word' id='word_1_81' title='bbox 1121 1793 1224 1858; x_wconf 89' lang='lat' dir='ltr'>sensui</span> <span class='ocrx_word' id='word_1_82' title='bbox 1249 1791 1395 1873; x_wconf 85' lang='lat' dir='ltr'>explendo</span> <span class='ocrx_word' id='word_1_83' title='bbox 1434 1795 1436 1804; x_wconf 84' lang='grc'>’</span> 
     </span>
    </p>
   </div>
   <div class='ocr_carea' id='block_1_8' title="bbox 238 1899 1397 3178">
    <p class='ocr_par' dir='ltr' id='par_1_8' title="bbox 238 1899 1397 3178">
     <span class='ocr_line' id='line_1_13' title="bbox 301 1899 1395 1968; baseline 0.003 -7"><span class='ocrx_word' id='word_1_84' title='bbox 301 1900 507 1964; x_wconf 81' lang='lat' dir='ltr'>necessarium</span> <span class='ocrx_word' id='word_1_85' title='bbox 537 1902 648 1966; x_wconf 86' lang='lat' dir='ltr'>inutile</span> <span class='ocrx_word' id='word_1_86' title='bbox 680 1903 929 1968; x_wconf 82' lang='lat' dir='ltr'>additamentum</span> <span class='ocrx_word' id='word_1_87' title='bbox 961 1902 1111 1967; x_wconf 80' lang='lat' dir='ltr'>uocasset.</span> <span class='ocrx_word' id='word_1_88' title='bbox 1162 1901 1278 1966; x_wconf 81' lang='lat' dir='ltr'>Temen</span> <span class='ocrx_word' id='word_1_89' title='bbox 1308 1899 1395 1964; x_wconf 93' lang='lat' dir='ltr'>nullo</span> 
     </span>
     <span class='ocr_line' id='line_1_14' title="bbox 301 2008 1396 2094; baseline 0.002 -24"><span class='ocrx_word' id='word_1_90' title='bbox 301 2008 357 2072; x_wconf 91' lang='lat' dir='ltr'>hos</span> <span class='ocrx_word' id='word_1_91' title='bbox 379 2027 483 2072; x_wconf 87' lang='lat' dir='ltr'>versus</span> <span class='ocrx_word' id='word_1_92' title='bbox 505 2011 631 2075; x_wconf 87' lang='lat' dir='ltr'>meliore</span> <span class='ocrx_word' id='word_1_93' title='bbox 653 2012 836 2094; x_wconf 88' lang='lat' dir='ltr'>cognomine</span> <span class='ocrx_word' id='word_1_94' title='bbox 855 2012 959 2077; x_wconf 80' lang='lat' dir='ltr'>ornari</span> <span class='ocrx_word' id='word_1_95' title='bbox 980 2011 1121 2094; x_wconf 89' lang='lat' dir='ltr'>equidem</span> <span class='ocrx_word' id='word_1_96' title='bbox 1143 2009 1254 2073; x_wconf 88' lang='lat' dir='ltr'>iudico.</span> <span class='ocrx_word' id='word_1_97' title='bbox 1285 2008 1396 2073; x_wconf 90' lang='lat' dir='ltr'>Nonne</span> 
     </span>
     <span class='ocr_line' id='line_1_15' title="bbox 301 2111 1396 2200; baseline -0.002 -20"><span class='ocrx_word' id='word_1_98' title='bbox 301 2116 415 2181; x_wconf 86' lang='lat' dir='ltr'>mirum</span> <span class='ocrx_word' id='word_1_99' title='bbox 438 2119 589 2200; x_wconf 84' lang='lat' dir='ltr'>quantum</span> <span class='ocrx_word' id='word_1_100' title='bbox 620 2119 798 2185; x_wconf 84' lang='lat' dir='ltr'>claudicant</span> <span class='ocrx_word' id='word_1_101' title='bbox 824 2120 974 2185; x_wconf 88' lang='lat' dir='ltr'>infinitivi</span> <span class='ocrx_word' id='word_1_102' title='bbox 996 2111 1261 2200; x_wconf 74' lang='grc' dir='ltr'><strong><em>ἐπιστρατεύσειν</em></strong></span> <span class='ocrx_word' id='word_1_103' title='bbox 1287 2117 1318 2181; x_wconf 88' lang='lat' dir='ltr'>ct</span> <span class='ocrx_word' id='word_1_104' title='bbox 1339 2137 1396 2179; x_wconf 92' lang='grc' dir='ltr'>κα-</span> 
     </span>
     <span class='ocr_line' id='line_1_16' title="bbox 301 2219 1394 2311; baseline 0.003 -25"><span class='ocrx_word' id='word_1_105' title='bbox 301 2219 507 2309; x_wconf 77' lang='grc' dir='ltr'><strong><em>τασκάψεινῖ</em></strong></span> <span class='ocrx_word' id='word_1_106' title='bbox 543 2229 650 2292; x_wconf 89' lang='lat' dir='ltr'>Nonne</span> <span class='ocrx_word' id='word_1_107' title='bbox 673 2247 763 2311; x_wconf 83' lang='lat' dir='ltr'>segre</span> <span class='ocrx_word' id='word_1_108' title='bbox 785 2229 921 2305; x_wconf 82' lang='lat' dir='ltr'>ferimus,</span> <span class='ocrx_word' id='word_1_109' title='bbox 951 2229 1034 2310; x_wconf 90' lang='lat' dir='ltr'>qnod</span> <span class='ocrx_word' id='word_1_110' title='bbox 1065 2229 1173 2292; x_wconf 86' lang='lat' dir='ltr'>contra</span> <span class='ocrx_word' id='word_1_111' title='bbox 1205 2227 1394 2292; x_wconf 83' lang='lat' dir='ltr'>cuiusnam</span> 
     </span>
     <span class='ocr_line' id='line_1_17' title="bbox 302 2333 1396 2419; baseline -0.001 -22"><span class='ocrx_word' id='word_1_112' title='bbox 302 2334 409 2398; x_wconf 89' lang='lat' dir='ltr'>urbem</span> <span class='ocrx_word' id='word_1_113' title='bbox 431 2335 515 2416; x_wconf 86' lang='lat' dir='ltr'>proci</span> <span class='ocrx_word' id='word_1_114' title='bbox 538 2336 781 2417; x_wconf 81' lang='lat' dir='ltr'>proficiscuntur,</span> <span class='ocrx_word' id='word_1_115' title='bbox 805 2355 839 2401; x_wconf 83' lang='lat' dir='ltr'>en</span> <span class='ocrx_word' id='word_1_116' title='bbox 861 2335 1060 2419; x_wconf 86' lang='lat' dir='ltr'>praecedente</span> <span class='ocrx_word' id='word_1_117' title='bbox 1081 2333 1233 2400; x_wconf 85' lang='lat' dir='ltr'>sententie</span> <span class='ocrx_word' id='word_1_118' title='bbox 1256 2335 1396 2415; x_wconf 89' lang='lat' dir='ltr'>repeten-</span> 
     </span>
     <span class='ocr_line' id='line_1_18' title="bbox 301 2439 1396 2526; baseline -0.002 -20"><span class='ocrx_word' id='word_1_119' title='bbox 301 2443 376 2506; x_wconf 90' lang='lat' dir='ltr'>dum</span> <span class='ocrx_word' id='word_1_120' title='bbox 395 2443 464 2508; x_wconf 83' lang='lat' dir='ltr'>est?</span> <span class='ocrx_word' id='word_1_121' title='bbox 498 2445 661 2510; x_wconf 82' lang='lat' dir='ltr'>Praeterea</span> <span class='ocrx_word' id='word_1_122' title='bbox 683 2439 796 2509; x_wconf 77' lang='grc' dir='ltr'><strong><em>ὅπλων</em></strong></span> <span class='ocrx_word' id='word_1_123' title='bbox 817 2443 899 2526; x_wconf 85' lang='grc' dir='ltr'><strong><em>μέτα</em></strong></span> <span class='ocrx_word' id='word_1_124' title='bbox 919 2444 1105 2518; x_wconf 77' lang='lat' dir='ltr'>absurdum3</span> <span class='ocrx_word' id='word_1_125' title='bbox 1127 2444 1210 2507; x_wconf 88' lang='lat' dir='ltr'>certe</span> <span class='ocrx_word' id='word_1_126' title='bbox 1223 2442 1396 2523; x_wconf 89' lang='lat' dir='ltr'>scripsisset</span> 
     </span>
     <span class='ocr_line' id='line_1_19' title="bbox 301 2548 1396 2637; baseline -0.004 -21"><span class='ocrx_word' id='word_1_127' title='bbox 301 2552 462 2634; x_wconf 77' lang='lat' dir='ltr'>Euripides</span> <span class='ocrx_word' id='word_1_128' title='bbox 483 2551 558 2635; x_wconf 83' lang='grc' dir='ltr'><strong><em>δορί</em></strong></span> <span class='ocrx_word' id='word_1_129' title='bbox 565 2554 599 2635; x_wconf 83' lang='lat'>¹).</span> <span class='ocrx_word' id='word_1_130' title='bbox 644 2555 684 2619; x_wconf 80' lang='lat' dir='ltr'>llt</span> <span class='ocrx_word' id='word_1_131' title='bbox 706 2554 781 2637; x_wconf 89' lang='lat' dir='ltr'>quid</span> <span class='ocrx_word' id='word_1_132' title='bbox 807 2555 933 2621; x_wconf 82' lang='lat' dir='ltr'>tandem</span> <span class='ocrx_word' id='word_1_133' title='bbox 961 2555 1033 2619; x_wconf 88' lang='lat' dir='ltr'>novi</span> <span class='ocrx_word' id='word_1_134' title='bbox 1062 2555 1109 2618; x_wconf 91' lang='lat' dir='ltr'>his</span> <span class='ocrx_word' id='word_1_135' title='bbox 1138 2551 1276 2617; x_wconf 83' lang='lat' dir='ltr'>uorsibus</span> <span class='ocrx_word' id='word_1_136' title='bbox 1303 2548 1396 2613; x_wconf 90' lang='lat' dir='ltr'>disci·</span> 
     </span>
     <span class='ocr_line' id='line_1_20' title="bbox 301 2662 1395 2742; baseline -0.001 -18"><span class='ocrx_word' id='word_1_137' title='bbox 301 2663 390 2724; x_wconf 76' lang='lat' dir='ltr'>mus?</span> <span class='ocrx_word' id='word_1_138' title='bbox 435 2662 651 2727; x_wconf 89' lang='lat' dir='ltr'>Ulciscendum</span> <span class='ocrx_word' id='word_1_139' title='bbox 684 2665 764 2728; x_wconf 90' lang='lat' dir='ltr'>enim</span> <span class='ocrx_word' id='word_1_140' title='bbox 787 2683 934 2729; x_wconf 90' lang='lat' dir='ltr'>essenon</span> <span class='ocrx_word' id='word_1_141' title='bbox 961 2665 1062 2728; x_wconf 92' lang='lat' dir='ltr'>solum</span> <span class='ocrx_word' id='word_1_142' title='bbox 1086 2681 1154 2728; x_wconf 91' lang='lat' dir='ltr'>eum</span> <span class='ocrx_word' id='word_1_143' title='bbox 1188 2678 1395 2742; x_wconf 83' lang='lat' dir='ltr'>procorum,</span> 
     </span>
     <span class='ocr_line' id='line_1_21' title="bbox 301 2768 1395 2854; baseline 0 -23"><span class='ocrx_word' id='word_1_144' title='bbox 301 2768 355 2849; x_wconf 90' lang='lat' dir='ltr'>qui</span> <span class='ocrx_word' id='word_1_145' title='bbox 376 2768 527 2854; x_wconf 85' lang='lat' dir='ltr'>Helenam</span> <span class='ocrx_word' id='word_1_146' title='bbox 556 2771 669 2836; x_wconf 84' lang='lat' dir='ltr'>merito</span> <span class='ocrx_word' id='word_1_147' title='bbox 697 2769 843 2854; x_wconf 84' lang='lat' dir='ltr'>repturu&#39;s</span> <span class='ocrx_word' id='word_1_148' title='bbox 867 2771 917 2850; x_wconf 80' lang='lat' dir='ltr'>sit,</span> <span class='ocrx_word' id='word_1_149' title='bbox 957 2771 1009 2836; x_wconf 90' lang='lat' dir='ltr'>sed</span> <span class='ocrx_word' id='word_1_150' title='bbox 1041 2769 1209 2854; x_wconf 88' lang='lat' dir='ltr'>quemlibet</span> <span class='ocrx_word' id='word_1_151' title='bbox 1240 2769 1395 2851; x_wconf 81' lang='lat' dir='ltr'>raptorem</span> 
     </span>
     <span class='ocr_line' id='line_1_22' title="bbox 300 2873 1397 2957; baseline -0.002 -16"><span class='ocrx_word' id='word_1_152' title='bbox 300 2877 365 2942; x_wconf 90' lang='lat' dir='ltr'>eius</span> <span class='ocrx_word' id='word_1_153' title='bbox 387 2878 463 2943; x_wconf 85' lang='lat' dir='ltr'>satis</span> <span class='ocrx_word' id='word_1_154' title='bbox 484 2879 595 2944; x_wconf 89' lang='lat' dir='ltr'>docent</span> <span class='ocrx_word' id='word_1_155' title='bbox 616 2881 709 2945; x_wconf 85' lang='lat' dir='ltr'>uerba</span> <span class='ocrx_word' id='word_1_156' title='bbox 732 2873 767 2944; x_wconf 83' lang='grc' dir='ltr'>εἴ</span> <span class='ocrx_word' id='word_1_157' title='bbox 784 2903 833 2957; x_wconf 85' lang='grc' dir='ltr'>τις</span> <span class='ocrx_word' id='word_1_158' title='bbox 855 2901 884 2946; x_wconf 83' lang='lat' dir='ltr'>v.</span> <span class='ocrx_word' id='word_1_159' title='bbox 907 2883 957 2946; x_wconf 80' lang='lat'>62.</span> <span class='ocrx_word' id='word_1_160' title='bbox 991 2916 1031 2926; x_wconf 88' lang='lat'>-</span> <span class='ocrx_word' id='word_1_161' title='bbox 1063 2878 1152 2943; x_wconf 88' lang='lat' dir='ltr'>Nihil</span> <span class='ocrx_word' id='word_1_162' title='bbox 1180 2877 1305 2942; x_wconf 92' lang='lat' dir='ltr'>omnino</span> <span class='ocrx_word' id='word_1_163' title='bbox 1327 2895 1397 2940; x_wconf 93' lang='lat' dir='ltr'>mu·</span> 
     </span>
     <span class='ocr_line' id='line_1_23' title="bbox 238 2985 1395 3070; baseline -0.005 -16"><span class='ocrx_word' id='word_1_164' title='bbox 238 3061 239 3066; x_wconf 12' lang='lat'>1</span> <span class='ocrx_word' id='word_1_165' title='bbox 300 2988 432 3054; x_wconf 81' lang='lat' dir='ltr'>tendum</span> <span class='ocrx_word' id='word_1_166' title='bbox 461 2989 507 3052; x_wconf 90' lang='lat' dir='ltr'>est</span> <span class='ocrx_word' id='word_1_167' title='bbox 535 2988 569 3052; x_wconf 90' lang='lat' dir='ltr'>iu</span> <span class='ocrx_word' id='word_1_168' title='bbox 599 3005 634 3052; x_wconf 86' lang='lat' dir='ltr'>eu</span> <span class='ocrx_word' id='word_1_169' title='bbox 664 3005 758 3070; x_wconf 84' lang='lat' dir='ltr'>quum</span> <span class='ocrx_word' id='word_1_170' title='bbox 781 2988 928 3070; x_wconf 85' lang='lat' dir='ltr'>praebent</span> <span class='ocrx_word' id='word_1_171' title='bbox 955 2987 1073 3052; x_wconf 90' lang='lat' dir='ltr'>codices</span> <span class='ocrx_word' id='word_1_172' title='bbox 1103 3003 1245 3051; x_wconf 83' lang='lat' dir='ltr'>versuum</span> <span class='ocrx_word' id='word_1_173' title='bbox 1272 2985 1395 3048; x_wconf 82' lang='lat'>66-68</span> 
     </span>
     <span class='ocr_line' id='line_1_24' title="bbox 300 3079 1174 3178; baseline 0.002 -19"><span class='ocrx_word' id='word_1_174' title='bbox 300 3095 469 3178; x_wconf 83' lang='lat' dir='ltr'>scripturu3</span> <span class='ocrx_word' id='word_1_175' title='bbox 491 3113 613 3161; x_wconf 85' lang='lat' dir='ltr'>uersum</span> <span class='ocrx_word' id='word_1_176' title='bbox 637 3097 741 3162; x_wconf 85' lang='lat' dir='ltr'>autem</span> <span class='ocrx_word' id='word_1_177' title='bbox 763 3096 804 3160; x_wconf 82' lang='lat'>69</span> <span class='ocrx_word' id='word_1_178' title='bbox 1168 3079 1174 3089; x_wconf 52' lang='lat'>¹</span> 
     </span>
    </p>
   </div>
   <div class='ocr_carea' id='block_1_9' title="bbox 298 3196 1397 4015">
    <p class='ocr_par' dir='ltr' id='par_1_9' title="bbox 298 3196 1397 4015">
     <span class='ocr_line' id='line_1_25' title="bbox 484 3196 1179 3317; baseline 0 -23"><span class='ocrx_word' id='word_1_179' title='bbox 484 3223 561 3296; x_wconf 82' lang='grc' dir='ltr'><strong><em>ὅτου</em></strong></span> <span class='ocrx_word' id='word_1_180' title='bbox 583 3230 684 3296; x_wconf 80' lang='grc' dir='ltr'><strong><em>πνοαὶ</em></strong></span> <span class='ocrx_word' id='word_1_181' title='bbox 704 3228 837 3316; x_wconf 83' lang='grc' dir='ltr'><strong><em>φέροιεν</em></strong></span> <span class='ocrx_word' id='word_1_182' title='bbox 857 3196 1056 3316; x_wconf 73' lang='grc' dir='ltr'><strong><em>Ἀφροδίτης</em></strong></span> <span class='ocrx_word' id='word_1_183' title='bbox 1077 3227 1179 3317; x_wconf 80' lang='grc' dir='ltr'><strong><em>φίλαι,</em></strong></span> 
     </span>
     <span class='ocr_line' id='line_1_26' title="bbox 300 3337 1397 3447; baseline -0.004 -19"><span class='ocrx_word' id='word_1_184' title='bbox 300 3337 364 3428; x_wconf 61' lang='grc' dir='ltr'>6τεὶΔ</span> <span class='ocrx_word' id='word_1_185' title='bbox 378 3363 455 3429; x_wconf 90' lang='lat' dir='ltr'>bene</span> <span class='ocrx_word' id='word_1_186' title='bbox 475 3363 658 3447; x_wconf 81' lang='lat' dir='ltr'>Lentingius</span> <span class='ocrx_word' id='word_1_187' title='bbox 681 3357 761 3428; x_wconf 74' lang='grc' dir='ltr'><strong><em>ὅσοι</em></strong></span> <span class='ocrx_word' id='word_1_188' title='bbox 790 3365 930 3440; x_wconf 84' lang='lat' dir='ltr'>correxit,</span> <span class='ocrx_word' id='word_1_189' title='bbox 963 3363 1105 3447; x_wconf 85' lang='lat' dir='ltr'>equidem</span> <span class='ocrx_word' id='word_1_190' title='bbox 1137 3363 1242 3428; x_wconf 82' lang='lat' dir='ltr'>abesse</span> <span class='ocrx_word' id='word_1_191' title='bbox 1274 3360 1397 3440; x_wconf 85' lang='lat' dir='ltr'>malim;</span> 
     </span>
     <span class='ocr_line' id='line_1_27' title="bbox 299 3469 1397 3557; baseline -0.004 -20"><span class='ocrx_word' id='word_1_192' title='bbox 299 3473 404 3538; x_wconf 84' lang='lat' dir='ltr'>videor</span> <span class='ocrx_word' id='word_1_193' title='bbox 425 3472 505 3536; x_wconf 93' lang='lat' dir='ltr'>enim</span> <span class='ocrx_word' id='word_1_194' title='bbox 530 3474 606 3538; x_wconf 90' lang='lat' dir='ltr'>mihi</span> <span class='ocrx_word' id='word_1_195' title='bbox 634 3474 773 3557; x_wconf 80' lang='lat' dir='ltr'>tragicae</span> <span class='ocrx_word' id='word_1_196' title='bbox 797 3473 945 3538; x_wconf 88' lang='lat' dir='ltr'>dictionis</span> <span class='ocrx_word' id='word_1_197' title='bbox 976 3473 1135 3538; x_wconf 88' lang='lat' dir='ltr'>centonem</span> <span class='ocrx_word' id='word_1_198' title='bbox 1165 3469 1397 3553; x_wconf 85' lang='lat' dir='ltr'>deprehendere,</span> 
     </span>
     <span class='ocr_line' id='line_1_28' title="bbox 299 3577 1397 3666; baseline -0.004 -21"><span class='ocrx_word' id='word_1_199' title='bbox 299 3600 397 3664; x_wconf 87' lang='lat' dir='ltr'>neque</span> <span class='ocrx_word' id='word_1_200' title='bbox 417 3582 508 3647; x_wconf 84' lang='lat' dir='ltr'>focile</span> <span class='ocrx_word' id='word_1_201' title='bbox 529 3582 649 3666; x_wconf 82' lang='lat' dir='ltr'>petitur</span> <span class='ocrx_word' id='word_1_202' title='bbox 670 3602 776 3649; x_wconf 86' lang='lat' dir='ltr'>uersus</span> <span class='ocrx_word' id='word_1_203' title='bbox 799 3582 982 3666; x_wconf 84' lang='lat' dir='ltr'>praecedens</span> <span class='ocrx_word' id='word_1_204' title='bbox 1001 3581 1195 3664; x_wconf 84' lang='lat' dir='ltr'>maximeque</span> <span class='ocrx_word' id='word_1_205' title='bbox 1210 3577 1397 3645; x_wconf 83' lang='lat' dir='ltr'>vocabulum</span> 
     </span>
     <span class='ocr_line' id='line_1_29' title="bbox 298 3684 1396 3773; baseline -0.003 -19"><span class='ocrx_word' id='word_1_206' title='bbox 298 3684 354 3754; x_wconf 74' lang='grc' dir='ltr'>ἕνα</span> <span class='ocrx_word' id='word_1_207' title='bbox 375 3691 526 3756; x_wconf 87' lang='lat' dir='ltr'>eiusmodi</span> <span class='ocrx_word' id='word_1_208' title='bbox 547 3691 806 3757; x_wconf 80' lang='lat' dir='ltr'>additamentum.</span> <span class='ocrx_word' id='word_1_209' title='bbox 840 3727 881 3738; x_wconf 82' lang='lat'>-</span> <span class='ocrx_word' id='word_1_210' title='bbox 914 3691 952 3756; x_wconf 87' lang='lat' dir='ltr'>V.</span> <span class='ocrx_word' id='word_1_211' title='bbox 973 3693 1010 3756; x_wconf 85' lang='grc'>71</span> <span class='ocrx_word' id='word_1_212' title='bbox 1025 3709 1070 3773; x_wconf 90' lang='lat' dir='ltr'>sq.</span> <span class='ocrx_word' id='word_1_213' title='bbox 1093 3689 1240 3773; x_wconf 80' lang='lat' dir='ltr'>praebent</span> <span class='ocrx_word' id='word_1_214' title='bbox 1261 3688 1396 3754; x_wconf 90' lang='lat' dir='ltr'>codices:</span> 
     </span>
     <span class='ocr_line' id='line_1_30' title="bbox 611 3817 1213 3914; baseline -0.003 -26"><span class='ocrx_word' id='word_1_215' title='bbox 611 3818 720 3889; x_wconf 76' lang='grc' dir='ltr'><strong><em>ἐλθών</em></strong></span> <span class='ocrx_word' id='word_1_216' title='bbox 738 3822 767 3888; x_wconf 85' lang='grc' dir='ltr'>δ’</span> <span class='ocrx_word' id='word_1_217' title='bbox 791 3823 834 3914; x_wconf 23' lang='grc' dir='ltr'>ἐκ,</span> <span class='ocrx_word' id='word_1_218' title='bbox 847 3823 984 3907; x_wconf 71' lang='grc' dir='ltr'><strong><em>Φρυγῶν</em></strong></span> <span class='ocrx_word' id='word_1_219' title='bbox 1008 3817 1025 3888; x_wconf 84' lang='grc' dir='ltr'>ὁ</span> <span class='ocrx_word' id='word_1_220' title='bbox 1047 3818 1106 3899; x_wconf 81' lang='grc' dir='ltr'>τὰς</span> <span class='ocrx_word' id='word_1_221' title='bbox 1128 3817 1213 3899; x_wconf 73' lang='grc' dir='ltr'>θεὰς</span> 
     </span>
     <span class='ocr_line' id='line_1_31' title="bbox 466 3922 1211 4015; baseline -0.001 -20"><span class='ocrx_word' id='word_1_222' title='bbox 466 3930 575 4014; x_wconf 83' lang='grc' dir='ltr'><strong><em>κρίνας</em></strong></span> <span class='ocrx_word' id='word_1_223' title='bbox 598 3925 657 4012; x_wconf 78' lang='grc' dir='ltr'><strong><em>δ’δ’,</em></strong></span> <span class='ocrx_word' id='word_1_224' title='bbox 682 3927 728 4010; x_wconf 79' lang='grc' dir='ltr'>ὠς</span> <span class='ocrx_word' id='word_1_225' title='bbox 750 3927 768 3999; x_wconf 82' lang='lat' dir='ltr'>o‘</span> <span class='ocrx_word' id='word_1_226' title='bbox 790 3932 901 4014; x_wconf 76' lang='grc' dir='ltr'><em>μῦθος</em></span> <span class='ocrx_word' id='word_1_227' title='bbox 922 3922 1112 4015; x_wconf 75' lang='grc' dir='ltr'><strong><em>ἀνθρώπων</em></strong></span> <span class='ocrx_word' id='word_1_228' title='bbox 1135 3923 1211 4010; x_wconf 75' lang='grc' dir='ltr'><strong><em>ἔχει.</em></strong></span> 
     </span>
    </p>
   </div>
   <div class='ocr_carea' id='block_1_10' title="bbox 301 4061 1393 4147">
    <p class='ocr_par' dir='ltr' id='par_1_10' title="bbox 301 4061 1393 4147">
     <span class='ocr_line' id='line_1_32' title="bbox 301 4061 1393 4147; baseline -0.005 -14"><span class='ocrx_word' id='word_1_229' title='bbox 301 4066 440 4133; x_wconf 79' lang='lat' dir='ltr'>Clemens</span> <span class='ocrx_word' id='word_1_230' title='bbox 452 4066 555 4131; x_wconf 85' lang='lat' dir='ltr'>cutem</span> <span class='ocrx_word' id='word_1_231' title='bbox 567 4063 804 4147; x_wconf 82' lang='lat' dir='ltr'>Alexandrinus,</span> <span class='ocrx_word' id='word_1_232' title='bbox 819 4065 872 4147; x_wconf 91' lang='lat' dir='ltr'>qui</span> <span class='ocrx_word' id='word_1_233' title='bbox 884 4063 974 4129; x_wconf 91' lang='lat' dir='ltr'>illum</span> <span class='ocrx_word' id='word_1_234' title='bbox 986 4065 1089 4128; x_wconf 93' lang='lat' dir='ltr'>locum</span> <span class='ocrx_word' id='word_1_235' title='bbox 1101 4063 1245 4146; x_wconf 82' lang='lat' dir='ltr'>apposuit</span> <span class='ocrx_word' id='word_1_236' title='bbox 1257 4061 1393 4146; x_wconf 83' lang='lat' dir='ltr'>Puedag.</span> 
     </span>
    </p>
   </div>
   <div class='ocr_carea' id='block_1_11' title="bbox 301 4255 496 4267">
    <p class='ocr_par' dir='ltr' id='par_1_11' title="bbox 301 4255 496 4267">
     <span class='ocr_line' id='line_1_33' title="bbox 301 4255 496 4267; baseline 0.005 -4"><span class='ocrx_word' id='word_1_237' title='bbox 301 4255 496 4267; x_wconf 70' lang='grc'>,--.-.</span> 
     </span>
    </p>
   </div>
   <div class='ocr_carea' id='block_1_12' title="bbox 402 4345 1293 4424">
    <p class='ocr_par' dir='ltr' id='par_1_12' title="bbox 402 4293 1568 4676">
     <span class='ocr_line' id='line_1_34' title="bbox 402 4345 1293 4424; baseline -0.003 -20"><span class='ocrx_word' id='word_1_238' title='bbox 402 4351 426 4420; x_wconf 92' lang='grc'>1)</span> <span class='ocrx_word' id='word_1_239' title='bbox 447 4351 612 4410; x_wconf 83' lang='lat' dir='ltr'>Rectissime</span> <span class='ocrx_word' id='word_1_240' title='bbox 633 4351 782 4424; x_wconf 79' lang='lat' dir='ltr'>Euripides</span> <span class='ocrx_word' id='word_1_241' title='bbox 803 4351 869 4424; x_wconf 72' lang='lat' dir='ltr'>pso*</span> <span class='ocrx_word' id='word_1_242' title='bbox 889 4345 984 4405; x_wconf 78' lang='grc' dir='ltr'><strong><em>ὅπλων</em></strong></span> <span class='ocrx_word' id='word_1_243' title='bbox 1004 4349 1150 4421; x_wconf 76' lang='lat' dir='ltr'>usurpavit</span> <span class='ocrx_word' id='word_1_244' title='bbox 1167 4347 1214 4404; x_wconf 91' lang='lat' dir='ltr'>Or.</span> <span class='ocrx_word' id='word_1_245' title='bbox 1233 4348 1293 4402; x_wconf 77' lang='lat'>573.</span> 
     </span>
    </p>
   </div>
   <div class='ocr_carea' id='block_1_13' title="bbox 1556 4679 1566 5100">
    <p class='ocr_par' dir='ltr' id='par_1_13' title="bbox 1556 4679 1566 5100">
     <span class='ocr_line' id='line_1_35' title="bbox 1556 4679 1566 5100; baseline 0 0"><span class='ocrx_word' id='word_1_246' title='bbox 1556 4679 1566 5100; x_wconf 86' lang='lat' dir='ltr'>l</span> 
     </span>
    </p>
   </div>
   <div class='ocr_carea' id='block_1_14' title="bbox 0 0 1590 5134">
    <p class='ocr_par' dir='ltr' id='par_1_14' title="bbox 0 0 1590 5134">
     <span class='ocr_line' id='line_1_36' title="bbox 0 0 1590 5134; baseline 0 0"><span class='ocrx_word' id='word_1_247' title='bbox 0 0 1590 5134; x_wconf 95' lang='lat' dir='ltr'> </span> 
     </span>
    </p>
   </div>
  </div>
 </body>
</html>
