3124 5138
727 437 762 490 25
900 446 918 471 ¹

197 629 257 694 quo
286 609 507 676 Andromacha
529 609 664 694 =supplex
694 609 830 692 sedebat,
863 608 1046 674 Thetideum
1077 607 1180 674 fuisse.
1229 607 1289 674 Sed

197 720 327 802 posteris
370 719 560 802 temporibus
598 720 681 784 circa
718 718 797 782 illud
840 719 991 801 templum
1027 718 1100 784 urbs
1139 717 1207 782 orta
1244 718 1290 786 eet

197 827 301 894 eodem
324 827 448 894 nomine
470 827 626 909 praedita;
660 827 717 892 hoc
747 827 893 922 expressis
922 827 1022 892 verbis
1044 826 1155 893 docent
1185 825 1290 904 schol,

197 935 301 1018 Steph.
324 936 399 1019 Byz.
421 955 445 1001 6.
468 937 497 1002 u.
522 934 719 1015 Θεστίδειον,
757 936 882 1002 Tactzes
913 935 953 1000 ad
982 935 1053 1018 Lyc.
1082 936 1151 1000 175.
1199 933 1292 999 Enri-

196 1044 282 1128 pides
303 1044 408 1109 autem
430 1063 572 1110 scaenam
598 1045 690 1110 huius
712 1044 864 1109 dramatis
886 1044 962 1123 ruri,
995 1063 1056 1108 non
1078 1044 1111 1108 in
1134 1044 1208 1109 urbe
1227 1061 1291 1108 6666

197 1153 297 1218 voluit
327 1151 585 1236 (of.v.17.18).
629 1153 718 1235 Quod
752 1153 792 1218 ad
827 1171 997 1219 sermonem
1030 1151 1171 1234 pertinet,
1205 1152 1291 1218 verbi

196 1251 297 1326 αὐδᾶν
316 1279 387 1326 cum
408 1260 524 1344 duplici
546 1262 723 1328 accusativo
746 1261 903 1327 coniuncti
922 1261 980 1326 hoc
998 1278 1094 1326 unum
1113 1261 1170 1339 661
1194 1277 1291 1342 quan·

196 1371 265 1435 tum
282 1368 424 1452 equidem
444 1370 549 1448 sciam,
571 1371 604 1434 in
622 1371 765 1437 omnibus
779 1371 956 1437 litterarum
971 1368 1161 1436 Graecarum
1181 1387 1290 1434 monu-

196 1477 310 1544 mentis
332 1480 504 1562 exemplum
515 1476 546 1562 1).
583 1513 618 1526 -
655 1479 726 1546 Non
750 1480 853 1544 minus
874 1497 967 1562 quam
989 1479 1072 1544 hunc
1092 1478 1194 1544 locum
1217 1496 1290 1544 con-

198 1586 448 1653 mum&

379 1706 508 1797 Πηλεύς
527 1735 563 1778 as
584 1707 645 1798 γάρ
667 1735 715 1778 νιν
738 1709 866 1797 ἔκγονοί
886 1735 922 1778 τε
943 1709 1080 1798 Πηλέως

378 1818 530 1902 σέβουσιν
550 1814 733 1909 ἓρμὴνευμα
755 1820 905 1908 Νηρῇδος
922 1813 1034 1904 γάμων

197 1944 399 2026 interpolatos
416 1965 492 2023 esse.
535 1947 580 2013 Ut
600 1948 734 2029 primum
756 1947 795 2012 de
809 1965 887 2012 nexu
902 1947 1013 2011 horum
1028 1945 1172 2012 veisuum
1186 1965 1290 2030 agam,

141 2036 149 2041 ”
198 2052 356 2119 coniuncti
385 2055 458 2120 sunt
489 2073 559 2120 cum
587 2055 626 2120 iis
652 2055 706 2139 qui
737 2054 924 2137 praecedunt
953 2053 1107 2137 particula
1135 2047 1204 2138 γάρ.
1246 2055 1291 2118 At

197 2161 279 2244 quod
301 2163 411 2228 Peleus
434 2164 558 2248 eiusque
583 2164 699 2246 posteri
723 2164 874 2247 templum
897 2162 1036 2228 Thetidis
1064 2163 1179 2241 colunt,
1213 2181 1291 2247 quae

196 2270 322 2336 tandem
354 2291 447 2339 causa
475 2273 530 2352 est,
564 2293 619 2338 cur
641 2273 861 2339 Andromacha
889 2272 933 2338 ibi
962 2292 981 2337 a
1009 2271 1142 2337 Menelai
1169 2271 1290 2336 insidiis

196 2379 266 2444 tuta
289 2381 352 2446 sit?
396 2383 511 2447 Tutam
533 2401 565 2447 se
586 2383 651 2448 iore
676 2382 744 2447 ideo
766 2383 878 2465 sperat,
912 2380 993 2464 quod
1016 2379 1173 2446 communi
1195 2379 1291 2448 Grae·
1388 2425 1397 2444 s

197 2506 301 2554 corum
328 2490 395 2554 iure
422 2489 475 2572 qui
501 2491 534 2554 in
560 2489 676 2574 templa
706 2491 831 2556 deorum
864 2489 1074 2573 confugissent
1103 2488 1291 2554 sacrosancti

196 2597 294 2662 erant.
337 2597 421 2679 Quid
447 2599 605 2680 praetcrea
631 2600 691 2664 sibi
717 2599 827 2664 volunt
850 2593 978 2682 ἔκγονοι
999 2596 1157 2682 cieuses
1200 2597 1289 2676 Sunt,

196 2705 229 2769 ni
251 2706 351 2786 fallor,
375 2707 513 2773 Achilles
531 2709 562 2773 et
584 2707 814 2790 Neoptolemus,
847 2726 980 2791 quorum
1000 2709 1105 2773 tamen
1127 2706 1291 2772 6666116-

197 2814 368 2896 optolemus
390 2817 542 2898 superstes
566 2817 622 2882 est.
664 2815 798 2881 Maxime
820 2817 924 2883 antem
944 2816 1198 2899 interpolatorem
1220 2833 1291 2904 pro-

196 2922 243 2988 dit
264 2924 452 2990 vocabulnm
473 2919 664 3013 ἑρμὴνευμα,
699 2926 791 3009 qnod,
823 2924 1000 3009 ubicunqne
1020 2925 1145 3008 legitur,
1177 2925 1291 3005 „inter-

196 3031 419 3112 pretationem“
444 3032 601 3115 significat
619 3032 672 3116 (of.
689 3033 780 3099 Herc.
797 3033 886 3098 1137.
908 3033 1024 3099 Phoen.
1039 3031 1125 3117 470),
1144 3034 1194 3099 hic
1208 3032 1290 3098 idem

196 3157 260 3204 esse
280 3140 369 3206 debet
391 3141 472 3222 quod
493 3142 613 3224 μνῆμα.
636 3175 678 3186 -
701 3141 802 3206 Multo
818 3142 921 3206 minus
943 3142 1061 3208 eertum
1078 3142 1125 3206 est
1140 3141 1290 3207 iudicium

196 3248 233 3313 de
254 3247 373 3312 duobus
394 3247 464 3312 aliis
486 3248 607 3332 prologi
627 3249 713 3329 locis,
744 3267 821 3332 quos
843 3248 1059 3333 antiquissimo
1082 3250 1218 3332 tempore
1242 3251 1292 3314 in-

194 3357 399 3440 terpolatione
419 3357 559 3422 foedatos
581 3377 644 3423 esse
665 3359 695 3422 61
716 3358 819 3423 indico
843 3359 874 3423 et
895 3377 944 3423 me
965 3358 1169 3440 probaturum
1192 3377 1289 3442 spero.
1406 3402 1408 3408 ·

194 3466 327 3549 Litigari
362 3467 467 3532 autem
497 3467 619 3549 poterit,
653 3467 728 3550 qriid
754 3466 915 3551 Euripides
948 3467 1013 3549 ipse
1045 3468 1211 3548 scripserit.
1252 3469 1289 3532 In

196 3573 293 3639 altero
315 3574 426 3639 horum
448 3574 588 3641 locorum
610 3577 683 3642 ante
705 3595 755 3642 me
776 3575 876 3661 haesit
897 3575 945 3640 uir
967 3574 1163 3640 doctissimus
1192 3575 1231 3640 N.
1254 3577 1289 3643 E.

196 3681 241 3748 St.
263 3683 305 3748 II.
328 3703 357 3767 p.
380 3686 438 3750 88:
461 3703 571 3750 sanare
593 3685 652 3750 sibi
673 3685 757 3750 uisus
782 3685 828 3750 661
850 3683 950 3749 deleto
973 3702 1002 3749 v.
1024 3685 1074 3764 38,
1096 3684 1130 3748 in
1153 3703 1214 3767 quo
1234 3687 1290 3752 ite·

197 3810 265 3857 rum
289 3785 344 3857 ὅδε
367 3793 446 3859 falso
468 3795 651 3877 usurpatum
673 3794 728 3860 est.
772 3794 893 3860 Tamen·
911 3812 967 3878 ego
989 3793 1079 3859 illum
1096 3794 1212 3860 malum
1228 3813 1290 3859 non

197 4005 394 4014 ———.-—

296 4122 321 4190 1)
339 4121 484 4193 Significat
503 4128 553 4179 aut
572 4123 696 4193 „dicere“
712 4091 753 4189 ’(ν.
766 4124 846 4193 1091)
866 4127 916 4178 aut
935 4122 1063 4193 „iubere“
1082 4120 1119 4192 (v.
1131 4121 1202 4190 619).
1225 4119 1290 4175 Ρ66-

193 4217 283 4272 sivum
300 4217 375 4274 idem
393 4221 435 4274 est
453 4219 527 4289 quod
548 4219 674 4290 „vocaril
694 4219 788 4292 (Soph.
807 4219 878 4275 Phil.
897 4221 958 4276 240.
977 4221 1037 4274 430.
1057 4217 1104 4273 Tr.
1120 4218 1195 4272 1106.
1218 4216 1288 4270 Eur.

194 4313 296 4368 Phoen.
317 4317 388 4386 125).
