3124 5138
841 419 876 472 20

309 587 463 671 potatores
486 587 575 655 dooet
596 605 701 654 verens
716 607 806 672 quem
828 588 937 656 statim
957 588 1151 678 traetotnrus
1171 607 1241 656 sum
1255 590 1305 656 34.
1333 589 1388 658 Ite·

310 715 369 781 que
390 697 435 764 sie
456 697 580 780 scripsit
601 696 762 780 Euripides
783 717 812 764 v.
834 698 888 763 21:

478 801 575 871 πόλιν
590 805 780 891 προτείνων
800 802 920 888 χαότδν
942 799 1132 889 εὐτυχοῦνθ’
1154 802 1235 891 ἅμα,

308 916 329 982 i.
342 935 367 982 e.
383 917 485 998 „urbis
498 935 647 1001 suamque
660 919 845 1001 potestatem
860 919 955 984 simul
975 919 1167 986 ostendens“.
1201 919 1270 1000 Qua
1285 917 1391 984 oonieo·

308 1025 381 1090 tura
401 1019 469 1108 ἅμα
490 1026 530 1092 ad
551 1024 744 1109 προτείνων,
764 1046 825 1111 quo
847 1027 991 1110 pertinet,
1014 1027 1137 1106 faoilius
1158 1026 1300 1092 refertur.
1335 1025 1392 1091 Ad·

309 1135 376 1200 dita
398 1136 444 1200 ost
464 1135 674 1218 interpolatio,
697 1155 734 1202 ne
756 1129 854 1212 πόλις
869 1137 901 1201 et
916 1135 1039 1202 nomine
1055 1137 1086 1202 et
1100 1137 1225 1201 notione
1239 1134 1391 1218 potestatis

310 1243 435 1308 oareret.
458 1280 500 1289 -
519 1244 623 1309 Missis
645 1245 728 1308 sanis
749 1243 886 1310 versibus
908 1246 1032 1310 23-30
1054 1243 1094 1310 ad
1117 1263 1187 1309 eum
1208 1243 1393 1328 pervenimus

307 1350 420 1431 lorum,
452 1353 539 1418 ouius
561 1354 643 1418 reete
665 1352 856 1420 diiudicandi
878 1372 971 1420 eausa
993 1354 1084 1419 antea
1112 1353 1149 1418 de
1179 1371 1290 1420 soaena
1310 1351 1393 1416 huius

308 1460 431 1526 fabulae
453 1461 697 1544 disputavimus:
1012 1533 1016 1542 ,

391 1571 430 1634 31
516 1565 625 1656 πάσης
646 1571 682 1637 δὲ
703 1572 811 1655 χώρας
830 1566 982 1650 Ἑλλάδος
1002 1565 1184 1658 τητώμενοι

517 1683 716 1763 Μαραθῶνα
737 1681 790 1746 καί
812 1675 992 1766 σόγκληρον
1014 1675 1169 1760 ἐλθόντες
1189 1675 1296 1763 χθόνα

516 1783 618 1856 ἱκέται
640 1785 876 1874 καθεζόμεσθα
895 1784 1017 1874 βώμιοι
1038 1793 1131 1856 θεῶν

516 1899 788 1988 προσωφελῆσαι·
811 1899 910 1964 πεδία
933 1896 992 1984 γὰρ
1013 1899 1111 1987 τῆσδε
1133 1893 1257 1980 χθονός

516 2005 649 2086 δισσοδς
670 2013 834 2075 κατοικεῖν
856 2007 990 2094 Θησέως
1011 2009 1133 2086 παῖδας
1154 2001 1251 2093 λόγος

464 2151 467 2160 ·
514 2113 624 2205 κλήρῳ
646 2113 802 2200 λαχόντας
825 2118 860 2184 ἐκ
881 2118 992 2204 γένους
1013 2116 1197 2196 Πανδίονος

515 2225 618 2292 τοῖσδ’
644 2223 737 2312 ἐγγύς
758 2216 872 2304 δ’ντας·
895 2211 942 2290 ῶν
961 2223 1050 2290 ἕκατι
1071 2225 1229 2308 τέρμονας

514 2337 649 2401 κλεινῶν
670 2328 824 2422 Ἀθηνῶν
844 2329 930 2400 τόνδ’
942 2338 965 2417 ¹)
986 2327 1187 2422 ἀφικόμεσθ’
1210 2329 1297 2419 όρον.

306 2445 368 2510 Hie
388 2444 487 2528 igitur
509 2445 706 2528 potissimum
727 2444 813 2512 loeus
832 2463 936 2512 omnes
958 2445 1066 2526 movit,
1088 2445 1124 2510 ut
1146 2464 1289 2512 seaenam
1310 2445 1401 2512 fabu-

305 2554 354 2619 lae
375 2554 558 2626 Marathone
580 2573 644 2620 esse
665 2554 816 2638 dicerent3
838 2554 943 2620 tamen
965 2574 1002 2620 ne
1024 2554 1075 2620 hio
1091 2553 1215 2638 quidem
1229 2554 1402 2620 sententiae

305 2681 410 2730 eorum
443 2663 535 2728 fauet.
592 2661 813 2728 Certissima
845 2665 940 2728 enim
973 2663 1033 2728 lex
1067 2664 1123 2728 est
1159 2662 1401 2746 prologorum

305 2771 606 2853 Euripideorum,
640 2771 683 2835 ut
706 2771 1011 2851 mansuetionis,
1046 2789 1157 2855 quem
1179 2789 1316 2836 soaena
1344 2789 1405 2836 re·

306 2881 536 2962 praesentat,
575 2879 686 2945 semei
710 2879 850 2948 saltem
881 2879 1096 2963 pronomine
1129 2873 1196 2946 όδε
1229 2881 1404 2946 notetur.

305 2988 394 3070 Quod
421 2988 629 3054 desideramus
655 2988 737 3070 apud
765 2988 973 3071 Μαραθῶνα,
1008 2988 1152 3072 legimus,
1185 2989 1237 3058 ubi
1259 2988 1407 3054 Athenae

305 3098 585 3165 commemorantur
606 3116 635 3162 v.
658 3097 709 3161 38.
752 3097 863 3180 Itaque
885 3099 979 3162 etiem
1001 3098 1084 3164 hune
1104 3099 1207 3164 looum
1232 3098 1409 3164 adversan-

304 3206 368 3270 tem
389 3207 422 3270 in
443 3224 534 3271 usum
553 3225 655 3272 meum
678 3225 726 3270 me
747 3208 934 3273 eonvertisse
949 3225 1133 3292 magnopere
1153 3207 1282 3292 gaudeo.
1311 3207 1410 3274 Unus

304 3316 401 3381 restat
422 3335 450 3381 v.
475 3317 515 3380 80
539 3335 585 3398 sq.
1027 3391 1031 3402 ¹

453 3417 493 3489 οδ
517 3423 544 3488 δ’
568 3421 603 3488 ἐκ
624 3424 712 3502 τίνος
732 3425 798 3510 γῆς,
821 3410 849 3489 oi
873 3422 975 3510 μόρον,
998 3417 1214 3509 τετράπτολιν

453 3527 600 3613 ξόνοικον
620 3519 723 3618 ἦλθες
741 3527 839 3614 λαόν,·

304 3661 395 3725 quem
417 3643 556 3708 Athenas
575 3642 751 3726 significare
771 3644 924 3709 neminem
952 3645 1027 3727 puto
1056 3641 1287 3726 interpretando
1310 3660 1416 3726 posse

303 3751 450 3817 evincere.
493 3750 553 3818 Sed
585 3770 654 3816 oum
686 3752 741 3817 ille
767 3753 853 3818 loeus
882 3771 960 3818 unus
990 3752 1097 3818 eontra
1125 3752 1226 3817 totam
1257 3750 1414 3816 fabulam

303 3859 429 3943 pugnet,
451 3861 507 3925 ant
529 3859 728 3944 corrigendus
750 3863 805 3926 aut
827 3861 1029 3926 removendus
1055 3862 1115 3936 est;
1152 3860 1343 3944 iuvaturqne
1370 3879 1417 3924 eo

302 3969 378 4033 haee
392 3968 576 4048 coniectura,
600 3968 794 4052 quodtotum
819 3969 989 4051 dialogum,
1011 3968 1065 4052 qui
1086 3967 1251 4052 prologum
1272 3968 1419 4052 exeipit,

254 4067 260 4080 '
302 4076 431 4158 pessimo
453 4075 604 4142 traditum
627 4095 691 4144 esse
712 4078 775 4145 iam
798 4078 851 4144 diu
874 4077 933 4144 viri
955 4076 1039 4156 dooti
1063 4078 1287 4160 cognoverunt.
1328 4075 1423 4158 Qua

403 4317 430 4388 1)
448 4315 494 4371 sio
511 4315 595 4373 Laur.
614 4315 686 4371 Pet:
705 4263 801 4371 τῶίδε.
