3170 5134
815 402 866 455 104

293 575 496 642 recitatum
518 575 558 640 in
579 593 748 640 scaenam
762 573 1266 657 proditdemonstraturquo
1288 593 1387 658 spoc-

294 684 488 752 tatoribus
509 683 724 768 pronomine
739 675 818 758 iide3
841 700 1028 766 nunqnam
1049 684 1183 748 autem
1205 701 1286 748 eam
1309 701 1387 766 per-

292 813 416 860 sonam
444 791 737 877 προλογίζουσα
766 791 993 876 alloquitur.

393 901 584 969 Nominatur
607 902 771 985 insequens
798 919 927 984 persona
953 902 1085 967 maxime
1106 901 1140 967 in
1161 902 1390 986 antiquioribus

292 1009 450 1093 Euripidis
483 1010 606 1088 fabulis,
641 1008 807 1088 Alcestidc,
840 1009 958 1088 Medea,
990 1009 1170 1094 Hippolyto,
1203 1011 1389 1094 Herachdis,

292 1119 428 1202 Hecuba,
458 1120 542 1198 lone,
572 1119 606 1188 in
626 1118 832 1186 recentiorum
853 1119 950 1184 nulla.
992 1120 1082 1185 Illius
1111 1122 1216 1186 autem
1243 1139 1389 1203 personae

292 1219 510 1314 ἀποστροφὴν
531 1229 730 1294 obtruserunt
752 1227 893 1309 Euripidi
914 1228 1078 1294 histriones
1099 1228 1133 1293 in
1159 1229 1219 1294 fine
1245 1230 1389 1313 prologo-

291 1357 361 1404 rnm
385 1337 633 1415 Heraclidarum,
667 1337 822 1415 Hecubae,
857 1337 1061 1420 Baccharum,
1092 1337 1272 1421 Iphigeniae
1299 1337 1389 1403 Auli-

292 1446 440 1528 densis¹);
462 1445 661 1510 inhonorum
683 1445 762 1510 talia
784 1464 848 1510 esse
869 1463 963 1528 supra
987 1447 1185 1528 probavimus
1209 1445 1262 1530 (ci.
1284 1467 1313 1529 p.
1337 1449 1388 1511 23.

292 1555 757 1638 ffimfflmfflfflmh

392 1663 503 1729 Nonne
523 1663 614 1729 debes
635 1683 756 1730 mecum
779 1665 951 1730 consentire
969 1666 1086 1730 rectam
1106 1683 1171 1730 esse
1189 1683 1255 1730 carn
1278 1665 1389 1747 legem,

292 1791 387 1856 quarn
415 1771 453 1838 de
484 1775 668 1856 argumento
701 1775 902 1858 prologorum
933 1774 1170 1857 lluripidoorum
1201 1773 1236 1838 in
1267 1773 1390 1839 exordio

292 1882 384 1948 huius
406 1881 516 1964 capitis
537 1883 648 1965 posui?
680 1884 817 1950 Ubinam
840 1885 914 1948 sunt
934 1883 1013 1948 istas
1028 1884 1174 1966 ambages
1190 1884 1389 1965 prologorum

292 1993 360 2056 tam
381 2009 470 2074 saepe
492 1992 687 2075 castigatae?
711 1994 813 2059 Immo
829 1993 906 2058 nihil
921 1993 954 2058 in
969 1993 1153 2076 argumento
1174 2011 1280 2056 eorum
1300 1992 1390 2067 inest,

295 2100 378 2184 quod
398 2102 481 2166 recte
501 2100 665 2184 vituperes,
698 2102 758 2167 nisi
783 2097 862 2166 illud
889 2103 972 2186 quod
993 2102 1188 2185 reprehendit
1209 2100 1390 2184 antiquissi-

293 2229 363 2275 mus
388 2210 588 2292 prologornm
615 2210 851 2293 lluripideornm
885 2211 976 2276 iudex
1009 2211 1244 2293 Aristophanes,
1277 2211 1390 2292 longae

292 2318 366 2384 illae
391 2337 539 2401 generum
561 2320 816 2385 enumerationes.
850 2355 892 2366 -
921 2320 1018 2385 Porro
1047 2321 1074 2385 si
1104 2338 1155 2385 eas
1184 2320 1277 2402 leges,
1312 2338 1391 2402 quas

293 2428 331 2493 de
362 2445 422 2492 usu
454 2427 645 2510 pronominis
674 2421 740 2506 aas,
771 2428 808 2492 de
840 2427 979 2515 historiis
1010 2426 1112 2493 media
1145 2427 1265 2512 prologi
1303 2428 1391 2510 pa'rto

294 2537 455 2616 enarratis,
489 2535 643 2602 derebus
673 2536 782 2602 alienis
815 2536 937 2602 omissis
969 2555 1061 2619 supra
1089 2536 1196 2618 statui,
1229 2536 1390 2619 ponderas,

293 2663 394 2710 norme
415 2644 473 2711 hoc
501 2662 623 2728 quoque
644 2644 721 2710 rnihi
744 2645 884 2711 concedis
906 2644 1124 2727 Euripidem
1153 2645 1190 2709 in
1220 2646 1390 2729 prologis

293 2753 575 2820 conscribendis
599 2755 754 2821 maxime
775 2756 1028 2837 spectatorum
1055 2754 1237 2819 rationem
1268 2756 1390 2820 habu·

167 2886 171 2896 ’
291 2864 387 2941 isse,
419 2863 463 2928 nt
484 2864 522 2928 et
544 2863 833 2929 accuratissime
857 2864 898 2928 et
919 2862 1105 2928 facillime
1127 2881 1190 2928 res
1212 2863 1257 2928 ad
1278 2863 1391 2929 iabu-

291 2972 370 3038 lam
396 2956 701 3060 intellegendamx
724 2972 834 3038 scitu
868 2972 1101 3038 necessarias
1131 2973 1169 3037 et
1201 2971 1391 3038 discerent

291 3083 327 3148 et
349 3080 525 3147 memoria
545 3081 739 3148 torrerent?
782 3081 858 3163 Quis
885 3081 1011 3147 tandem
1034 3081 1167 3160 dubitat,
1201 3081 1276 3164 quin
1298 3080 1391 3146 Euri·

291 3190 377 3273 pidos
398 3189 541 3273 prologos
563 3209 634 3256 suos
655 3210 738 3256 moro
760 3191 929 3274 Sophocleo
951 3189 1143 3256 conformare
1165 3190 1321 3272 potuerit?
1344 3188 1391 3254 At

291 3297 410 3374 noluit3
442 3300 650 3381 spectatorum
674 3299 878 3366 ostentionem
902 3299 942 3364 ad
964 3299 1065 3381 ipsam
1086 3298 1226 3364 fabulam
1247 3316 1391 3363 nonnun-

292 3426 385 3491 quam
410 3407 487 3473 satis
514 3407 709 3490 implicatam
738 3409 907 3491 convertit3
944 3406 1108 3474 historiam
1140 3406 1264 3473 fabulae
1299 3406 1390 3472 modo

393 3715 416 3778 1)
435 3712 467 3766 Iu
486 3711 633 3784 iphigenia
651 3711 798 3766 Aulidemi
816 3712 949 3782 quoniam
973 3727 1056 3766 senex
1080 3709 1230 3765 secundum
1254 3707 1391 3764 traditam

291 3808 402 3864 fabulae
420 3809 669 3866 conformationem
689 3808 744 3863 iam
763 3808 793 3864 in
811 3793 1064 3870 scaena'versatum
1082 3807 1177 3876 paullo
1197 3805 1281 3860 aliter
1298 3823 1342 3860 res
1361 3825 1391 3860 se

290 3905 384 3974 habet,
408 3923 493 3974 quam
513 3906 543 3959 in
560 3906 651 3960 tribus
672 3906 771 3962 ceteris
790 3905 900 3960 sabulis.
927 3935 959 3945 -—
985 3905 1096 3960 Novum
1114 3903 1196 3957 simul
1214 3902 1267 3956 hoc
1285 3906 1326 3956 est
1346 3902 1390 3956 ar·

289 4007 453 4073 gumentum
480 4020 514 4058 ex
537 4020 614 4058 more
636 4003 790 4072 Euripideo
813 4002 934 4073 petitum
955 4019 1001 4056 me
1026 3999 1101 4056 re'cte
1123 3999 1294 4070 improbasse
1317 3999 1390 4054 hanc

290 4099 403 4170 prologi
422 4100 679 4170 conformationem,
707 4105 740 4155 nt
757 4102 938 4172 Agamemno,
967 4117 1030 4154 cum
1050 4099 1086 4154 ad
1104 4097 1251 4168 prologum
1269 4096 1387 4152 recitan-

289 4196 357 4252 dum
384 4195 414 4250 in
440 4213 567 4252 amanam
590 4197 726 4266 prooedit,
756 4197 873 4253 alteram
895 4196 1044 4268 epistulam
1071 4195 1108 4250 ad
1133 4193 1382 4262 Clytaemnestram

289 4292 410 4348 dandam
429 4287 484 4346 iarn
504 4293 638 4362 scriptam
658 4310 744 4347 manu
762 4297 863 4348 teneat.
1393 4278 1398 4288 ’
