3170 5134
753 471 884 524 [86

318 639 403 705 aliud
431 638 630 720 Euripideum
661 638 832 719 repudient.
876 639 1080 703 Luculentum
1108 638 1172 702 veri
1201 603 1413 702 testimodium

318 749 413 813 etiam
436 766 472 812 en
492 765 630 813 sermone
652 747 715 829 peti
737 748 848 829 potest.
885 746 1048 829 Euripides
1069 765 1175 812 vocem
1199 744 1325 830 capsa,
1348 766 1415 812 sae·

311 856 386 939 'pius
407 858 546 938 usurpat,
568 855 621 924 aed
644 875 740 921 unam
760 856 849 921 novit
874 857 1033 938 vulgarem
1056 875 1127 922 arae
1148 856 1318 922 notionem:
1345 857 1414 939 Iph.

318 966 391 1031 Aul.
416 966 475 1030 152
497 957 693 1028 Κυκλώπων
715 962 857 1045 θυμέλαι
878 964 1000 1030 moenia
1023 965 1105 1043 sunt,
1129 984 1187 1030 usu
1210 966 1240 1030 et
1262 966 1363 1032 vetere
1384 966 1416 1030 et

318 1075 411 1157 probo
435 1074 469 1138 at
492 1073 618 1146 minime
639 1073 833 1154 lluripideo.“
861 1108 898 1118 -

418 1183 477 1249 Sed
502 1201 540 1248 ne
566 1183 680 1247 temere
705 1182 830 1246 tanturn
853 1200 997 1246 uersuum
1024 1200 1187 1246 nnmerum
1213 1201 1275 1247 uno
1296 1183 1413 1265 impetu

317 1291 459 1375 Euripidi
492 1290 672 1356 abiudicata
704 1288 818 1368 videar,
855 1289 959 1372 paullo
992 1290 1168 1355 accuratius
1200 1309 1235 1356 ea
1271 1310 1349 1373 quac
1382 1291 1416 1355 in

318 1400 493 1484 anapaestis
515 1399 692 1476 narrantur,
716 1398 952 1476 consideremus,
975 1398 1155 1480 praesertim
1172 1415 1242 1462 cnm
1258 1399 1317 1465 hoc
1332 1418 1416 1464 eror-
1488 1397 1490 1400 ’
1572 1481 1576 1496 Ι

318 1511 404 1576 diurn
426 1507 583 1590 Hennigio
612 1507 713 1570 iudice
736 1505 757 1569 l.
780 1506 799 1570 l.
823 1525 852 1588 p.
874 1506 915 1569 42
944 1507 1120 1588 „praeclare
1149 1507 1300 1589 tanquam
1326 1527 1415 1591 prae-

318 1618 446 1684 ludatur
466 1615 675 1700 tragcediae“.
699 1651 738 1660 -
760 1615 955 1698 Agamemno
974 1615 1073 1696 igitur
1096 1616 1258 1698 postquam
1279 1617 1313 1682 in
1333 1636 1416 1682 scae-

318 1747 392 1794 nam
412 1727 568 1810 processit,
590 1743 702 1801 senem,
727 1723 825 1788 fidum
846 1723 956 1788 domus
978 1742 1051 1788 suae
1072 1743 1205 1803 servum,
1228 1725 1351 1790 evocat:

517 1837 543 1914 oi
566 1848 702 1932 πρέσβυ,
725 1845 837 1931 δόμων
858 1848 961 1913 τῶνδε
983 1843 1149 1933 incipendae

519 1962 636 2039 στεῖχε.

320 2090 377 2153 llle
399 2088 508 2152 statim
529 2107 561 2152 se
581 2089 746 2153 venturum
774 2087 904 2162 clamat3
936 2087 1043 2152 tamen
1066 2085 1295 2169 Agamemnoni
1323 2087 1416 2151 nimis

318 2197 427 2261 tardus
454 2196 585 2275 videtur,
619 2215 713 2279 quare
739 2197 802 2261 iam
829 2214 899 2259 eum
928 2195 1068 2277 increpat
1090 2214 1119 2282 u,
1141 2198 1174 2259 3:
1212 2189 1366 2272 σπεύσεις
1374 2193 1415 2278 ¹),-

321 2305 458 2369 Tandem
481 2305 567 2369 uenit
588 2323 704 2370 servus.
750 2304 915 2386 Exspectas
945 2305 1034 2382 certe,
1067 2309 1103 2367 ut
1124 2305 1326 2388 Agamemno,
1361 2305 1415 2386 qui

316 2415 382 2478 tam
405 2414 605 2495 impatienter
619 2431 721 2478 senem
737 2413 873 2495 impulit,
897 2415 932 2477 ut
948 2415 1130 2493 accurreret,
1153 2413 1262 2478 statim
1284 2414 1311 2478 ei
1325 2432 1414 2478 man·

208 2555 211 2578 ι
318 2524 392 2589 data
415 2523 545 2588 daturus
567 2523 618 2587 sit.
656 2522 716 2588 Sed
735 2523 860 2588 tantum
879 2523 974 2602 abest,
998 2524 1034 2586 ut
1049 2522 1155 2598 faeiat,
1177 2523 1222 2601 ut,
1245 2522 1414 2605 quomodo-

319 2652 439 2716 cunque
459 2633 671 2716 insequentem
690 2634 793 2698 locum
817 2632 1039 2697 difficillimum
1060 2632 1274 2714 interpretaris
1298 2634 1339 2710 (r.
1352 2633 1413 2694 6-

320 2744 381 2822 11),
405 2743 454 2806 -de
484 2742 636 2807 sideribus
664 2745 695 2808 et
722 2744 884 2807 ventorum
911 2720 1033 2806 silentio
1056 2758 1126 2805 oum
1150 2759 1184 2806 eo
1208 2739 1413 2821 colloquatur.

320 2849 367 2914 Ne
386 2851 450 2913 seni
473 2851 596 2932 quidem
619 2852 652 2915 in
669 2853 805 2915 mentem
828 2851 912 2915 venit
932 2869 1052 2943 rogare,
1080 2849 1155 2933 quid
1176 2868 1207 2914 se
1227 2848 1304 2914 velit
1326 2848 1414 2929 Aga·

319 2977 456 3032 mamper
476 2958 535 3022 hoc
558 2959 680 3040 quaerit
701 2976 729 3024 v.
753 2960 806 3024 12:

515 3081 548 3147 τί
569 3081 605 3147 δὲ
626 3077 665 3148 σύ
688 3083 806 3172 σκηνῆς
827 3078 920 3161 ἐκτὸς
940 3074 1075 3161 ἀΐσσεις,

516 3183 718 3275 Ἀγάμεμνον
740 3181 836 3273 ἅναξ·

319 3338 415 3401 neque
444 3318 508 3383 ullo
536 3318 682 3382 mandato
711 3320 835 3400 accepto
866 3320 970 3384 monet
996 3337 1065 3383 eum
1094 3338 1122 3383 v.
1148 3321 1199 3404 16:
1235 3315 1415 3400 στείχωμεν
1460 3315 1463 3328 ’
1575 3315 1576 3334 ’

321 3422 396 3490 ἔσω.
441 3428 636 3510 Agamemno
660 3428 763 3491 autem
793 3447 890 3511 neque
916 3430 1004 3511 paret
1029 3429 1094 3492 seni
1121 3447 1219 3511 neque
1245 3448 1325 3511 quae
1350 3428 1415 3520 ius-

319 3553 408 3600 surus
428 3536 475 3600 est
496 3536 598 3600 iubet:
621 3536 730 3618 incipit
751 3537 975 3619 philosophari:

764 3661 848 3747 ζηλῶ
869 3663 916 3746 σε’,
938 3662 1043 3746 γέρον,

518 3770 601 3856 ζηλῶ
624 3770 651 3835 δ’
675 3763 801 3854 ἀνδρῶν
823 3763 861 3849 ὃς
882 3765 1051 3837 ἀκίνδυνον

516 3878 590 3962 βίον
611 3878 777 3964 ἒξεπέρασ’
800 3871 904 3964 α’μνώς
925 3873 1055 3968 delacio·

517 3983 598 4067 τούς
618 3981 647 4054 δ’
668 3988 701 4054 ἓν
721 3992 831 4072 τιμαῖς
851 3975 951 4080 ἧσσον
974 3989 1068 4075 ζηλῶ.
1142 3988 1144 3992 ’

293 4207 296 4214 Ι
320 4115 351 4178 et
373 4131 462 4179 senex
486 4132 546 4179 non
573 4115 696 4198 illepide
722 4115 759 4180 de
780 4115 867 4181 varia
888 4117 1048 4182 hominnm
1075 4115 1201 4182 fortuna
1221 4115 1321 4180 multa
1343 4134 1413 4180 cum

421 4347 447 4420 1)
467 4347 549 4404 (terta
567 4349 637 4404 haec
654 4353 695 4404 est
713 4309 833 4404 Dobraei
851 4352 1018 4408 coniectura.
