<?xml version="1.0" encoding="UTF-8"?>
<!DOCTYPE html PUBLIC "-//W3C//DTD XHTML 1.0 Transitional//EN"
    "http://www.w3.org/TR/xhtml1/DTD/xhtml1-transitional.dtd">
<html xmlns="http://www.w3.org/1999/xhtml" xml:lang="en" lang="en">
 <head>
  <title>
</title>
<meta http-equiv="Content-Type" content="text/html;charset=utf-8" />
  <meta name='ocr-system' content='tesseract 3.04.00' />
  <meta name='ocr-capabilities' content='ocr_page ocr_carea ocr_par ocr_line ocrx_word'/>
</head>
<body>
  <div class='ocr_page' id='page_1' title='image "./deeuripideorump00klingoog_0027.png"; bbox 0 0 3124 5138; ppageno 0'>
   <div class='ocr_carea' id='block_1_1' title="bbox 297 641 1395 2715">
    <p class='ocr_par' dir='ltr' id='par_1_1' title="bbox 297 641 1394 1271">
     <span class='ocr_line' id='line_1_1' title="bbox 297 641 1392 727; baseline -0.001 -20"><span class='ocrx_word' id='word_1_1' title='bbox 297 642 445 709; x_wconf 84' lang='lat' dir='ltr'>firmabit.</span> <span class='ocrx_word' id='word_1_2' title='bbox 490 643 622 710; x_wconf 85' lang='lat' dir='ltr'>Aooedit</span> <span class='ocrx_word' id='word_1_3' title='bbox 652 644 734 727; x_wconf 87' lang='lat' dir='ltr'>quod</span> <span class='ocrx_word' id='word_1_4' title='bbox 761 663 790 707; x_wconf 88' lang='lat' dir='ltr'>v.</span> <span class='ocrx_word' id='word_1_5' title='bbox 812 643 852 708; x_wconf 85' lang='lat'>51</span> <span class='ocrx_word' id='word_1_6' title='bbox 881 661 916 708; x_wconf 93' lang='lat' dir='ltr'>eo</span> <span class='ocrx_word' id='word_1_7' title='bbox 940 660 1000 726; x_wconf 89' lang='lat' dir='ltr'>quo</span> <span class='ocrx_word' id='word_1_8' title='bbox 1032 641 1149 726; x_wconf 84' lang='lat' dir='ltr'>legitur</span> <span class='ocrx_word' id='word_1_9' title='bbox 1178 641 1245 707; x_wconf 84' lang='lat' dir='ltr'>loeo</span> <span class='ocrx_word' id='word_1_10' title='bbox 1277 641 1392 706; x_wconf 88' lang='lat' dir='ltr'>mirum</span> 
     </span>
     <span class='ocr_line' id='line_1_2' title="bbox 298 749 1393 836; baseline -0.001 -21"><span class='ocrx_word' id='word_1_11' title='bbox 298 751 449 832; x_wconf 88' lang='lat' dir='ltr'>quantum</span> <span class='ocrx_word' id='word_1_12' title='bbox 470 752 608 836; x_wconf 83' lang='lat' dir='ltr'>languet.</span> <span class='ocrx_word' id='word_1_13' title='bbox 654 751 807 832; x_wconf 80' lang='lat' dir='ltr'>Quoniam</span> <span class='ocrx_word' id='word_1_14' title='bbox 836 752 940 817; x_wconf 89' lang='lat' dir='ltr'>autern</span> <span class='ocrx_word' id='word_1_15' title='bbox 967 751 1033 834; x_wconf 86' lang='lat' dir='ltr'>ipse</span> <span class='ocrx_word' id='word_1_16' title='bbox 1059 751 1159 816; x_wconf 90' lang='lat' dir='ltr'>multo</span> <span class='ocrx_word' id='word_1_17' title='bbox 1180 750 1283 834; x_wconf 85' lang='lat' dir='ltr'>magis</span> <span class='ocrx_word' id='word_1_18' title='bbox 1303 749 1393 834; x_wconf 83' lang='lat' dir='ltr'>ingo·</span> 
     </span>
     <span class='ocr_line' id='line_1_3' title="bbox 298 857 1393 943; baseline -0.002 -19"><span class='ocrx_word' id='word_1_19' title='bbox 298 859 385 924; x_wconf 91' lang='lat' dir='ltr'>nium</span> <span class='ocrx_word' id='word_1_20' title='bbox 398 859 561 942; x_wconf 78' lang='lat' dir='ltr'>&#39;poeticum</span> <span class='ocrx_word' id='word_1_21' title='bbox 583 861 674 943; x_wconf 87' lang='lat' dir='ltr'>sapit,</span> <span class='ocrx_word' id='word_1_22' title='bbox 698 879 727 925; x_wconf 83' lang='lat' dir='ltr'>r.</span> <span class='ocrx_word' id='word_1_23' title='bbox 751 860 791 925; x_wconf 89' lang='lat'>31</span> <span class='ocrx_word' id='word_1_24' title='bbox 811 879 827 924; x_wconf 91' lang='grc' dir='ltr'>ε</span> <span class='ocrx_word' id='word_1_25' title='bbox 848 860 887 924; x_wconf 88' lang='grc'>51</span> <span class='ocrx_word' id='word_1_26' title='bbox 911 858 1029 938; x_wconf 86' lang='lat' dir='ltr'>fiotum,</span> <span class='ocrx_word' id='word_1_27' title='bbox 1049 859 1133 924; x_wconf 89' lang='lat' dir='ltr'>huno</span> <span class='ocrx_word' id='word_1_28' title='bbox 1154 859 1187 924; x_wconf 92' lang='lat' dir='ltr'>in</span> <span class='ocrx_word' id='word_1_29' title='bbox 1209 857 1325 924; x_wconf 80' lang='lat' dir='ltr'>falsum</span> <span class='ocrx_word' id='word_1_30' title='bbox 1345 858 1393 923; x_wconf 88' lang='lat' dir='ltr'>lo·</span> 
     </span>
     <span class='ocr_line' id='line_1_4' title="bbox 297 966 1394 1050; baseline -0.002 -17"><span class='ocrx_word' id='word_1_31' title='bbox 297 987 368 1033; x_wconf 88' lang='lat' dir='ltr'>eum</span> <span class='ocrx_word' id='word_1_32' title='bbox 390 968 528 1034; x_wconf 87' lang='lat' dir='ltr'>delatum</span> <span class='ocrx_word' id='word_1_33' title='bbox 547 987 613 1036; x_wconf 82' lang='lat' dir='ltr'>esse</span> <span class='ocrx_word' id='word_1_34' title='bbox 633 969 848 1035; x_wconf 78' lang='lat' dir='ltr'>iudicabimus.</span> <span class='ocrx_word' id='word_1_35' title='bbox 891 969 1055 1050; x_wconf 81' lang='lat' dir='ltr'>Praeterea</span> <span class='ocrx_word' id='word_1_36' title='bbox 1069 967 1226 1034; x_wconf 84' lang='lat' dir='ltr'>Hirzehns</span> <span class='ocrx_word' id='word_1_37' title='bbox 1246 967 1269 1032; x_wconf 92' lang='lat' dir='ltr'>l.</span> <span class='ocrx_word' id='word_1_38' title='bbox 1285 966 1306 1032; x_wconf 93' lang='lat' dir='ltr'>l.</span> <span class='ocrx_word' id='word_1_39' title='bbox 1327 984 1394 1032; x_wconf 87' lang='lat' dir='ltr'>ree·</span> 
     </span>
     <span class='ocr_line' id='line_1_5' title="bbox 297 1076 605 1144; baseline 0 -2"><span class='ocrx_word' id='word_1_40' title='bbox 297 1076 416 1143; x_wconf 76' lang='lat' dir='ltr'><strong>tissime</strong></span> <span class='ocrx_word' id='word_1_41' title='bbox 437 1077 543 1144; x_wconf 86' lang='lat' dir='ltr'>versui</span> <span class='ocrx_word' id='word_1_42' title='bbox 564 1079 605 1144; x_wconf 83' lang='lat'>39</span> 
     </span>
     <span class='ocr_line' id='line_1_6' title="bbox 499 1179 1190 1271; baseline -0.007 -19"><span class='ocrx_word' id='word_1_43' title='bbox 499 1186 592 1252; x_wconf 77' lang='grc' dir='ltr'><strong><em>δοοῖν</em></strong></span> <span class='ocrx_word' id='word_1_44' title='bbox 611 1179 779 1271; x_wconf 80' lang='grc' dir='ltr'><strong><em>μερόντοιν</em></strong></span> <span class='ocrx_word' id='word_1_45' title='bbox 800 1182 837 1250; x_wconf 79' lang='grc' dir='ltr'>δὲ</span> <span class='ocrx_word' id='word_1_46' title='bbox 856 1187 1085 1270; x_wconf 79' lang='grc' dir='ltr'><strong><em>στρατηγεῑται</em></strong></span> <span class='ocrx_word' id='word_1_47' title='bbox 1105 1179 1190 1271; x_wconf 79' lang='grc' dir='ltr'><em>φυγή</em></span> 
     </span>
    </p>

    <p class='ocr_par' dir='ltr' id='par_1_2' title="bbox 298 1293 1395 1796">
     <span class='ocr_line' id='line_1_7' title="bbox 298 1293 1394 1377; baseline 0 -17"><span class='ocrx_word' id='word_1_48' title='bbox 298 1296 420 1361; x_wconf 91' lang='lat' dir='ltr'>obelum</span> <span class='ocrx_word' id='word_1_49' title='bbox 452 1294 610 1377; x_wconf 81' lang='lat' dir='ltr'>praefixit:</span> <span class='ocrx_word' id='word_1_50' title='bbox 645 1313 718 1360; x_wconf 90' lang='lat' dir='ltr'>nam</span> <span class='ocrx_word' id='word_1_51' title='bbox 741 1294 779 1359; x_wconf 90' lang='lat' dir='ltr'>nt</span> <span class='ocrx_word' id='word_1_52' title='bbox 807 1293 933 1360; x_wconf 88' lang='lat' dir='ltr'>mittam</span> <span class='ocrx_word' id='word_1_53' title='bbox 961 1294 1151 1359; x_wconf 77' lang='lat' dir='ltr'><strong>structuram</strong></span> <span class='ocrx_word' id='word_1_54' title='bbox 1179 1293 1257 1360; x_wconf 88' lang='lat' dir='ltr'>satis</span> <span class='ocrx_word' id='word_1_55' title='bbox 1278 1312 1394 1360; x_wconf 89' lang='lat' dir='ltr'>memo·</span> 
     </span>
     <span class='ocr_line' id='line_1_8' title="bbox 298 1403 1394 1492; baseline 0 -23"><span class='ocrx_word' id='word_1_56' title='bbox 298 1404 427 1492; x_wconf 76' lang='lat' dir='ltr'>rabiiem</span> <span class='ocrx_word' id='word_1_57' title='bbox 452 1423 558 1470; x_wconf 92' lang='lat' dir='ltr'>eorum</span> <span class='ocrx_word' id='word_1_58' title='bbox 579 1405 632 1488; x_wconf 88' lang='lat' dir='ltr'>qui</span> <span class='ocrx_word' id='word_1_59' title='bbox 653 1403 834 1468; x_wconf 77' lang='lat' dir='ltr'>insecuntur</span> <span class='ocrx_word' id='word_1_60' title='bbox 856 1422 1000 1469; x_wconf 86' lang='lat' dir='ltr'>versuum</span> <span class='ocrx_word' id='word_1_61' title='bbox 1024 1403 1117 1486; x_wconf 82' lang='lat' dir='ltr'>(quae</span> <span class='ocrx_word' id='word_1_62' title='bbox 1139 1404 1243 1469; x_wconf 89' lang='lat' dir='ltr'>tamen</span> <span class='ocrx_word' id='word_1_63' title='bbox 1262 1403 1394 1469; x_wconf 86' lang='lat' dir='ltr'>fortasse</span> 
     </span>
     <span class='ocr_line' id='line_1_9' title="bbox 299 1507 1393 1594; baseline 0 -18"><span class='ocrx_word' id='word_1_64' title='bbox 299 1510 423 1576; x_wconf 83' lang='lat' dir='ltr'>defendi</span> <span class='ocrx_word' id='word_1_65' title='bbox 444 1511 569 1594; x_wconf 85' lang='lat' dir='ltr'>potest),</span> <span class='ocrx_word' id='word_1_66' title='bbox 591 1510 759 1576; x_wconf 87' lang='lat' dir='ltr'>damnatur</span> <span class='ocrx_word' id='word_1_67' title='bbox 781 1508 937 1592; x_wconf 87' lang='lat' dir='ltr'>partioula</span> <span class='ocrx_word' id='word_1_68' title='bbox 958 1507 995 1573; x_wconf 77' lang='grc' dir='ltr'>δέ</span> <span class='ocrx_word' id='word_1_69' title='bbox 1016 1511 1047 1576; x_wconf 90' lang='lat' dir='ltr'>et</span> <span class='ocrx_word' id='word_1_70' title='bbox 1068 1509 1194 1576; x_wconf 85' lang='lat' dir='ltr'>insolito</span> <span class='ocrx_word' id='word_1_71' title='bbox 1217 1511 1286 1578; x_wconf 87' lang='lat' dir='ltr'>loeo</span> <span class='ocrx_word' id='word_1_72' title='bbox 1309 1511 1341 1578; x_wconf 90' lang='lat' dir='ltr'>et</span> <span class='ocrx_word' id='word_1_73' title='bbox 1360 1511 1393 1577; x_wconf 89' lang='lat' dir='ltr'>in</span> 
     </span>
     <span class='ocr_line' id='line_1_10' title="bbox 300 1619 1395 1704; baseline 0 -18"><span class='ocrx_word' id='word_1_74' title='bbox 300 1620 362 1686; x_wconf 87' lang='lat' dir='ltr'>arsi</span> <span class='ocrx_word' id='word_1_75' title='bbox 383 1619 485 1703; x_wconf 87' lang='lat' dir='ltr'>posita</span> <span class='ocrx_word' id='word_1_76' title='bbox 514 1620 723 1701; x_wconf 72' lang='lat' dir='ltr'>(cinthii).</span> <span class='ocrx_word' id='word_1_77' title='bbox 757 1655 793 1666; x_wconf 89' lang='lat'>-</span> <span class='ocrx_word' id='word_1_78' title='bbox 825 1620 892 1701; x_wconf 81' lang='lat' dir='ltr'>Ego</span> <span class='ocrx_word' id='word_1_79' title='bbox 918 1619 1018 1703; x_wconf 86' lang='lat' dir='ltr'>igitur</span> <span class='ocrx_word' id='word_1_80' title='bbox 1042 1619 1088 1685; x_wconf 85' lang='lat' dir='ltr'>sie</span> <span class='ocrx_word' id='word_1_81' title='bbox 1116 1621 1190 1704; x_wconf 93' lang='lat' dir='ltr'>puto</span> <span class='ocrx_word' id='word_1_82' title='bbox 1214 1620 1395 1704; x_wconf 79' lang='lat' dir='ltr'>Euripidem</span> 
     </span>
     <span class='ocr_line' id='line_1_11' title="bbox 298 1727 1198 1796; baseline -0.001 -1"><span class='ocrx_word' id='word_1_83' title='bbox 298 1729 370 1796; x_wconf 87' lang='lat' dir='ltr'>inde</span> <span class='ocrx_word' id='word_1_84' title='bbox 392 1749 411 1794; x_wconf 97' lang='lat' dir='ltr'>a</span> <span class='ocrx_word' id='word_1_85' title='bbox 433 1749 462 1794; x_wconf 88' lang='lat' dir='ltr'>v.</span> <span class='ocrx_word' id='word_1_86' title='bbox 485 1730 524 1794; x_wconf 90' lang='lat'>31</span> <span class='ocrx_word' id='word_1_87' title='bbox 547 1727 627 1794; x_wconf 90' lang='lat' dir='ltr'>Iolai</span> <span class='ocrx_word' id='word_1_88' title='bbox 649 1727 859 1794; x_wconf 79' lang='lat' dir='ltr'>narrationem</span> <span class='ocrx_word' id='word_1_89' title='bbox 880 1727 1101 1794; x_wconf 79' lang='lat' dir='ltr'>conformasse:</span> <span class='ocrx_word' id='word_1_90' title='bbox 1195 1735 1198 1748; x_wconf 89' lang='grc'><em>·</em></span> 
     </span>
    </p>

    <p class='ocr_par' dir='ltr' id='par_1_3' title="bbox 440 1837 1210 1941">
     <span class='ocr_line' id='line_1_12' title="bbox 440 1837 1210 1941; baseline 0.001 -23"><span class='ocrx_word' id='word_1_91' title='bbox 440 1837 480 1918; x_wconf 77' lang='grc'>51</span> <span class='ocrx_word' id='word_1_92' title='bbox 523 1846 631 1938; x_wconf 83' lang='grc' dir='ltr'><strong><em>πάσης</em></strong></span> <span class='ocrx_word' id='word_1_93' title='bbox 655 1851 714 1936; x_wconf 82' lang='grc' dir='ltr'><strong><em>[δ’]</em></strong></span> <span class='ocrx_word' id='word_1_94' title='bbox 738 1843 852 1939; x_wconf 77' lang='grc' dir='ltr'><strong><em>ἀλῆται</em></strong></span> <span class='ocrx_word' id='word_1_95' title='bbox 874 1852 931 1941; x_wconf 74' lang='grc' dir='ltr'>γῆς</span> <span class='ocrx_word' id='word_1_96' title='bbox 952 1843 1210 1940; x_wconf 76' lang='grc' dir='ltr'><strong><em>ἀπεστερημένοι</em></strong></span> 
     </span>
    </p>

    <p class='ocr_par' dir='ltr' id='par_1_4' title="bbox 299 1952 1395 2715">
     <span class='ocr_line' id='line_1_13' title="bbox 440 1952 1275 2048; baseline -0.001 -20"><span class='ocrx_word' id='word_1_97' title='bbox 440 1963 481 2028; x_wconf 88' lang='grc'>38</span> <span class='ocrx_word' id='word_1_98' title='bbox 523 1961 658 2027; x_wconf 81' lang='grc' dir='ltr'><strong><em>κλεινῶν</em></strong></span> <span class='ocrx_word' id='word_1_99' title='bbox 678 1953 832 2048; x_wconf 72' lang='grc' dir='ltr'><strong><em>Ἀθηνῶν</em></strong></span> <span class='ocrx_word' id='word_1_100' title='bbox 853 1956 939 2028; x_wconf 66' lang='grc' dir='ltr'><strong><em>τόνδ’</em></strong></span> <span class='ocrx_word' id='word_1_101' title='bbox 963 1952 1164 2048; x_wconf 74' lang='grc' dir='ltr'><em>ἀφικόμεσθ’</em></span> <span class='ocrx_word' id='word_1_102' title='bbox 1188 1956 1275 2044; x_wconf 80' lang='grc' dir='ltr'><strong><em>ὅρον,</em></strong></span> 
     </span>
     <span class='ocr_line' id='line_1_14' title="bbox 299 2081 1395 2171; baseline 0 -17"><span class='ocrx_word' id='word_1_103' title='bbox 299 2091 320 2156; x_wconf 90' lang='lat' dir='ltr'>i.</span> <span class='ocrx_word' id='word_1_104' title='bbox 342 2107 366 2154; x_wconf 92' lang='lat' dir='ltr'>e.</span> <span class='ocrx_word' id='word_1_105' title='bbox 391 2089 561 2170; x_wconf 83' lang='lat' dir='ltr'>„vagantes</span> <span class='ocrx_word' id='word_1_106' title='bbox 583 2087 668 2153; x_wconf 91' lang='lat' dir='ltr'>omni</span> <span class='ocrx_word' id='word_1_107' title='bbox 689 2087 773 2152; x_wconf 86' lang='lat' dir='ltr'>terra</span> <span class='ocrx_word' id='word_1_108' title='bbox 796 2087 912 2171; x_wconf 87' lang='lat' dir='ltr'>privati</span> <span class='ocrx_word' id='word_1_109' title='bbox 934 2081 1128 2171; x_wconf 78' lang='lat' dir='ltr'>pervenimus</span> <span class='ocrx_word' id='word_1_110' title='bbox 1149 2089 1189 2155; x_wconf 91' lang='lat' dir='ltr'>ad</span> <span class='ocrx_word' id='word_1_111' title='bbox 1210 2089 1265 2154; x_wconf 88' lang='lat' dir='ltr'>hos</span> <span class='ocrx_word' id='word_1_112' title='bbox 1294 2087 1395 2154; x_wconf 87' lang='lat' dir='ltr'>elara-</span> 
     </span>
     <span class='ocr_line' id='line_1_15' title="bbox 300 2197 1394 2265; baseline -0.001 -1"><span class='ocrx_word' id='word_1_113' title='bbox 300 2218 370 2264; x_wconf 90' lang='lat' dir='ltr'>rum</span> <span class='ocrx_word' id='word_1_114' title='bbox 381 2197 577 2264; x_wconf 76' lang='lat' dir='ltr'>Athenarum</span> <span class='ocrx_word' id='word_1_115' title='bbox 592 2197 668 2263; x_wconf 88' lang='lat' dir='ltr'>fines</span> <span class='ocrx_word' id='word_1_116' title='bbox 679 2199 710 2262; x_wconf 93' lang='lat' dir='ltr'>h.</span> <span class='ocrx_word' id='word_1_117' title='bbox 722 2218 747 2264; x_wconf 89' lang='lat' dir='ltr'>e.</span> <span class='ocrx_word' id='word_1_118' title='bbox 758 2199 791 2262; x_wconf 87' lang='lat' dir='ltr'>in</span> <span class='ocrx_word' id='word_1_119' title='bbox 813 2197 870 2263; x_wconf 89' lang='lat' dir='ltr'>has</span> <span class='ocrx_word' id='word_1_120' title='bbox 893 2197 993 2264; x_wconf 79' lang='lat' dir='ltr'>claras</span> <span class='ocrx_word' id='word_1_121' title='bbox 1009 2198 1166 2265; x_wconf 86' lang='lat' dir='ltr'>Athenas¹‘</span> <span class='ocrx_word' id='word_1_122' title='bbox 1185 2197 1223 2264; x_wconf 85' lang='lat' dir='ltr'>ef.</span> <span class='ocrx_word' id='word_1_123' title='bbox 1235 2197 1284 2264; x_wconf 83' lang='lat' dir='ltr'>El.</span> <span class='ocrx_word' id='word_1_124' title='bbox 1298 2197 1394 2264; x_wconf 84' lang='lat'>1315:</span> 
     </span>
     <span class='ocr_line' id='line_1_16' title="bbox 300 2298 1395 2394; baseline -0.001 -26"><span class='ocrx_word' id='word_1_125' title='bbox 300 2313 355 2394; x_wconf 76' lang='grc' dir='ltr'>γῆς</span> <span class='ocrx_word' id='word_1_126' title='bbox 376 2299 531 2391; x_wconf 78' lang='grc' dir='ltr'><strong><em>πατρῴας</em></strong></span> <span class='ocrx_word' id='word_1_127' title='bbox 553 2298 631 2388; x_wconf 79' lang='grc' dir='ltr'><strong><em>ὅρον</em></strong></span> <span class='ocrx_word' id='word_1_128' title='bbox 652 2303 822 2371; x_wconf 77' lang='grc' dir='ltr'><strong><em>ἐκλείπειν.</em></strong></span> <span class='ocrx_word' id='word_1_129' title='bbox 865 2306 943 2389; x_wconf 86' lang='lat' dir='ltr'>Aeg.</span> <span class='ocrx_word' id='word_1_130' title='bbox 963 2306 1022 2390; x_wconf 84' lang='lat' dir='ltr'>frg.</span> <span class='ocrx_word' id='word_1_131' title='bbox 1044 2307 1077 2372; x_wconf 90' lang='lat'>1:</span> <span class='ocrx_word' id='word_1_132' title='bbox 1100 2303 1257 2372; x_wconf 73' lang='lat' dir='ltr'>motusue</span> <span class='ocrx_word' id='word_1_133' title='bbox 1278 2303 1395 2393; x_wconf 77' lang='grc' dir='ltr'><strong><em>φαῖμεν</em></strong></span> 
     </span>
     <span class='ocr_line' id='line_1_17' title="bbox 300 2407 1395 2503; baseline 0 -24"><span class='ocrx_word' id='word_1_134' title='bbox 300 2417 393 2499; x_wconf 84' lang='grc' dir='ltr'><strong><em>γαῖαν</em></strong></span> <span class='ocrx_word' id='word_1_135' title='bbox 414 2407 629 2480; x_wconf 77' lang='grc' dir='ltr'><strong><em>ἐκλελοιπότα</em></strong></span> <span class='ocrx_word' id='word_1_136' title='bbox 649 2407 747 2478; x_wconf 81' lang='grc' dir='ltr'><strong><em>πόλει</em></strong></span> <span class='ocrx_word' id='word_1_137' title='bbox 768 2413 945 2494; x_wconf 74' lang='grc' dir='ltr'><strong><em>ξενοῦσθαι</em></strong></span> <span class='ocrx_word' id='word_1_138' title='bbox 965 2414 1059 2503; x_wconf 62' lang='lat' dir='ltr'>spirim</span> <span class='ocrx_word' id='word_1_139' title='bbox 1079 2411 1130 2492; x_wconf 82' lang='grc' dir='ltr'>τίς</span> <span class='ocrx_word' id='word_1_140' title='bbox 1150 2407 1277 2497; x_wconf 79' lang='grc' dir='ltr'><strong><em>πάτρας</em></strong></span> <span class='ocrx_word' id='word_1_141' title='bbox 1299 2407 1395 2498; x_wconf 66' lang='lat'>3009,-</span> 
     </span>
     <span class='ocr_line' id='line_1_18' title="bbox 301 2523 1394 2610; baseline -0.001 -19"><span class='ocrx_word' id='word_1_142' title='bbox 301 2526 377 2591; x_wconf 88' lang='lat' dir='ltr'>Post</span> <span class='ocrx_word' id='word_1_143' title='bbox 404 2543 500 2590; x_wconf 91' lang='lat' dir='ltr'>unum</span> <span class='ocrx_word' id='word_1_144' title='bbox 526 2523 577 2590; x_wconf 86' lang='lat' dir='ltr'>vel</span> <span class='ocrx_word' id='word_1_145' title='bbox 602 2524 679 2590; x_wconf 88' lang='lat' dir='ltr'>duos</span> <span class='ocrx_word' id='word_1_146' title='bbox 700 2543 807 2590; x_wconf 86' lang='lat' dir='ltr'>versus</span> <span class='ocrx_word' id='word_1_147' title='bbox 832 2523 1018 2590; x_wconf 84' lang='lat' dir='ltr'>histrionum</span> <span class='ocrx_word' id='word_1_148' title='bbox 1039 2525 1156 2591; x_wconf 88' lang='lat' dir='ltr'>iniuria</span> <span class='ocrx_word' id='word_1_149' title='bbox 1182 2525 1361 2610; x_wconf 87' lang='lat' dir='ltr'>absumptos</span> <span class='ocrx_word' id='word_1_150' title='bbox 1370 2524 1394 2606; x_wconf 83' lang='lat'>¹)</span> 
     </span>
     <span class='ocr_line' id='line_1_19' title="bbox 301 2631 618 2715; baseline -0.013 -15"><span class='ocrx_word' id='word_1_151' title='bbox 301 2637 376 2700; x_wconf 90' lang='lat' dir='ltr'>haeo</span> <span class='ocrx_word' id='word_1_152' title='bbox 397 2631 618 2715; x_wconf 88' lang='lat' dir='ltr'>sequebantur:</span> 
     </span>
    </p>
   </div>
   <div class='ocr_carea' id='block_1_2' title="bbox 302 2750 1398 3530">
    <p class='ocr_par' dir='ltr' id='par_1_5' title="bbox 302 2750 1398 3530">
     <span class='ocr_line' id='line_1_20' title="bbox 450 2750 1157 2841; baseline -0.003 -17"><span class='ocrx_word' id='word_1_153' title='bbox 450 2761 491 2829; x_wconf 85' lang='lat'>33</span> <span class='ocrx_word' id='word_1_154' title='bbox 534 2751 637 2823; x_wconf 76' lang='grc' dir='ltr'><strong><em>ἱκέται</em></strong></span> <span class='ocrx_word' id='word_1_155' title='bbox 656 2750 894 2841; x_wconf 75' lang='grc' dir='ltr'><strong><em>καθεζόμεσθα</em></strong></span> <span class='ocrx_word' id='word_1_156' title='bbox 913 2752 1035 2841; x_wconf 82' lang='grc' dir='ltr'><strong><em>βώμιοι</em></strong></span> <span class='ocrx_word' id='word_1_157' title='bbox 1056 2756 1157 2837; x_wconf 73' lang='grc' dir='ltr'><strong><em>θεῶν,</em></strong></span> 
     </span>
     <span class='ocr_line' id='line_1_21' title="bbox 450 2857 1272 2954; baseline 0.001 -22"><span class='ocrx_word' id='word_1_158' title='bbox 450 2869 491 2933; x_wconf 87' lang='grc'>40</span> <span class='ocrx_word' id='word_1_159' title='bbox 534 2861 596 2952; x_wconf 78' lang='grc' dir='ltr'>εἠὠ</span> <span class='ocrx_word' id='word_1_160' title='bbox 618 2865 678 2950; x_wconf 77' lang='grc' dir='ltr'>μὲν</span> <span class='ocrx_word' id='word_1_161' title='bbox 699 2857 788 2954; x_wconf 80' lang='grc' dir='ltr'><strong><em>α’μφὶ</em></strong></span> <span class='ocrx_word' id='word_1_162' title='bbox 807 2867 920 2933; x_wconf 79' lang='grc' dir='ltr'><strong><em>τοῖσδε</em></strong></span> <span class='ocrx_word' id='word_1_163' title='bbox 940 2864 1119 2948; x_wconf 85' lang='grc' dir='ltr'><strong><em>καλχαίνων</em></strong></span> <span class='ocrx_word' id='word_1_164' title='bbox 1139 2865 1272 2946; x_wconf 85' lang='grc' dir='ltr'><strong><em>τέκνοις,</em></strong></span> 
     </span>
     <span class='ocr_line' id='line_1_22' title="bbox 535 2961 1274 3065; baseline 0 -24"><span class='ocrx_word' id='word_1_165' title='bbox 535 2965 555 3065; x_wconf 73' lang='grc' dir='ltr'>ἢ</span> <span class='ocrx_word' id='word_1_166' title='bbox 575 2975 604 3041; x_wconf 80' lang='grc' dir='ltr'>δ’</span> <span class='ocrx_word' id='word_1_167' title='bbox 626 2961 667 3041; x_wconf 74' lang='grc' dir='ltr'>αὖ</span> <span class='ocrx_word' id='word_1_168' title='bbox 688 2974 726 3040; x_wconf 82' lang='grc' dir='ltr'>τὸ</span> <span class='ocrx_word' id='word_1_169' title='bbox 746 2976 834 3065; x_wconf 70' lang='grc' dir='ltr'><strong><em>θῆλυ</em></strong></span> <span class='ocrx_word' id='word_1_170' title='bbox 860 2972 979 3053; x_wconf 76' lang='grc' dir='ltr'><strong><em>παιδος</em></strong></span> <span class='ocrx_word' id='word_1_171' title='bbox 998 2971 1162 3064; x_wconf 79' lang='grc' dir='ltr'><strong><em>Ἀλκμήνη</em></strong></span> <span class='ocrx_word' id='word_1_172' title='bbox 1181 2973 1274 3060; x_wconf 81' lang='grc' dir='ltr'><strong><em>γένος</em></strong></span> 
     </span>
     <span class='ocr_line' id='line_1_23' title="bbox 535 3079 1150 3170; baseline 0 -20"><span class='ocrx_word' id='word_1_173' title='bbox 535 3080 647 3152; x_wconf 72' lang='grc' dir='ltr'><strong><em>ἔσεσθε</em></strong></span> <span class='ocrx_word' id='word_1_174' title='bbox 670 3086 749 3148; x_wconf 82' lang='grc' dir='ltr'><strong><em>ναοῦ</em></strong></span> <span class='ocrx_word' id='word_1_175' title='bbox 770 3084 858 3149; x_wconf 78' lang='grc' dir='ltr'><strong><em>τοῦδ’</em></strong></span> <span class='ocrx_word' id='word_1_176' title='bbox 880 3079 1150 3170; x_wconf 78' lang='grc' dir='ltr'><strong><em>ὑπηγκαλισμένη.</em></strong></span> 
     </span>
     <span class='ocr_line' id='line_1_24' title="bbox 302 3206 1398 3296; baseline -0.004 -16"><span class='ocrx_word' id='word_1_177' title='bbox 302 3213 361 3280; x_wconf 83' lang='lat' dir='ltr'>Sed</span> <span class='ocrx_word' id='word_1_178' title='bbox 384 3211 557 3296; x_wconf 79' lang='lat' dir='ltr'>Euripideis</span> <span class='ocrx_word' id='word_1_179' title='bbox 578 3229 714 3295; x_wconf 88' lang='lat' dir='ltr'>pannum</span> <span class='ocrx_word' id='word_1_180' title='bbox 740 3206 871 3276; x_wconf 86' lang='lat' dir='ltr'>duorum</span> <span class='ocrx_word' id='word_1_181' title='bbox 893 3229 1038 3276; x_wconf 85' lang='lat' dir='ltr'>versuum</span> <span class='ocrx_word' id='word_1_182' title='bbox 1059 3211 1159 3278; x_wconf 87' lang='lat' dir='ltr'>assuit</span> <span class='ocrx_word' id='word_1_183' title='bbox 1179 3211 1398 3295; x_wconf 87' lang='lat' dir='ltr'>interpolator:</span> 
     </span>
     <span class='ocr_line' id='line_1_25' title="bbox 450 3328 1248 3421; baseline -0.004 -19"><span class='ocrx_word' id='word_1_184' title='bbox 450 3338 493 3402; x_wconf 86' lang='grc'>43</span> <span class='ocrx_word' id='word_1_185' title='bbox 533 3329 650 3421; x_wconf 83' lang='grc' dir='ltr'><strong><em>σῴζει·</em></strong></span> <span class='ocrx_word' id='word_1_186' title='bbox 673 3333 746 3412; x_wconf 84' lang='grc' dir='ltr'><strong><em>νέας</em></strong></span> <span class='ocrx_word' id='word_1_187' title='bbox 765 3329 824 3418; x_wconf 82' lang='grc' dir='ltr'>μὰρ</span> <span class='ocrx_word' id='word_1_188' title='bbox 849 3331 1039 3417; x_wconf 69' lang='grc' dir='ltr'><strong><em>παρθένους</em></strong></span> <span class='ocrx_word' id='word_1_189' title='bbox 1059 3328 1248 3418; x_wconf 73' lang='grc' dir='ltr'><strong><em>αἰδούμεθα</em></strong></span> 
     </span>
     <span class='ocr_line' id='line_1_26' title="bbox 536 3433 1146 3530; baseline -0.002 -20"><span class='ocrx_word' id='word_1_190' title='bbox 536 3433 621 3530; x_wconf 69' lang='lat' dir='ltr'>ixia</span> <span class='ocrx_word' id='word_1_191' title='bbox 643 3436 795 3526; x_wconf 76' lang='grc' dir='ltr'><strong><em>πελάζειν</em></strong></span> <span class='ocrx_word' id='word_1_192' title='bbox 816 3441 1146 3526; x_wconf 77' lang='grc' dir='ltr'><strong><em>κᾶπιβωμιοστατεῖν.</em></strong></span> 
     </span>
    </p>
   </div>
   <div class='ocr_carea' id='block_1_3' title="bbox 303 3557 1399 4092">
    <p class='ocr_par' dir='ltr' id='par_1_6' title="bbox 303 3557 1399 4092">
     <span class='ocr_line' id='line_1_27' title="bbox 304 3557 1399 3655; baseline -0.002 -17"><span class='ocrx_word' id='word_1_193' title='bbox 304 3557 507 3638; x_wconf 87' lang='lat' dir='ltr'>Desiderabat</span> <span class='ocrx_word' id='word_1_194' title='bbox 536 3571 617 3637; x_wconf 91' lang='lat' dir='ltr'>enim</span> <span class='ocrx_word' id='word_1_195' title='bbox 644 3572 773 3640; x_wconf 88' lang='lat' dir='ltr'>verbum</span> <span class='ocrx_word' id='word_1_196' title='bbox 801 3569 927 3635; x_wconf 88' lang='lat' dir='ltr'>finitum</span> <span class='ocrx_word' id='word_1_197' title='bbox 948 3567 1105 3652; x_wconf 79' lang='lat' dir='ltr'>participii</span> <span class='ocrx_word' id='word_1_198' title='bbox 1127 3563 1399 3655; x_wconf 74' lang='grc' dir='ltr'><strong><em>ὑπημκαλισμένη.</em></strong></span> 
     </span>
     <span class='ocr_line' id='line_1_28' title="bbox 304 3677 1397 3764; baseline 0 -18"><span class='ocrx_word' id='word_1_199' title='bbox 304 3682 399 3746; x_wconf 82' lang='lat' dir='ltr'>Reate</span> <span class='ocrx_word' id='word_1_200' title='bbox 422 3679 620 3764; x_wconf 81' lang='lat' dir='ltr'>Musgravius</span> <span class='ocrx_word' id='word_1_201' title='bbox 647 3677 943 3762; x_wconf 80' lang='grc' dir='ltr'><strong><em>ἑπιβωμιοσιατεῖν</em></strong></span> <span class='ocrx_word' id='word_1_202' title='bbox 972 3678 1148 3745; x_wconf 90' lang='lat' dir='ltr'>monstrum</span> <span class='ocrx_word' id='word_1_203' title='bbox 1176 3680 1261 3744; x_wconf 81' lang='lat' dir='ltr'>vocis</span> <span class='ocrx_word' id='word_1_204' title='bbox 1294 3679 1397 3762; x_wconf 91' lang='lat' dir='ltr'>appel·</span> 
     </span>
     <span class='ocr_line' id='line_1_29' title="bbox 303 3787 1399 3872; baseline -0.001 -17"><span class='ocrx_word' id='word_1_205' title='bbox 303 3790 396 3866; x_wconf 78' lang='lat' dir='ltr'>lavit3</span> <span class='ocrx_word' id='word_1_206' title='bbox 432 3809 493 3856; x_wconf 88' lang='lat' dir='ltr'>non</span> <span class='ocrx_word' id='word_1_207' title='bbox 520 3791 626 3856; x_wconf 88' lang='lat' dir='ltr'>antem</span> <span class='ocrx_word' id='word_1_208' title='bbox 652 3789 784 3855; x_wconf 88' lang='lat' dir='ltr'>debebat</span> <span class='ocrx_word' id='word_1_209' title='bbox 812 3789 852 3853; x_wconf 88' lang='lat' dir='ltr'>ad</span> <span class='ocrx_word' id='word_1_210' title='bbox 879 3788 1087 3854; x_wconf 86' lang='lat' dir='ltr'>ooniooturam</span> <span class='ocrx_word' id='word_1_211' title='bbox 1115 3788 1280 3872; x_wconf 80' lang='lat' dir='ltr'>confugero</span> <span class='ocrx_word' id='word_1_212' title='bbox 1306 3788 1339 3854; x_wconf 90' lang='lat' dir='ltr'>in</span> <span class='ocrx_word' id='word_1_213' title='bbox 1360 3787 1399 3854; x_wconf 86' lang='lat' dir='ltr'>iis</span> 
     </span>
     <span class='ocr_line' id='line_1_30' title="bbox 303 3896 1399 3982; baseline -0.004 -16"><span class='ocrx_word' id='word_1_214' title='bbox 303 3901 451 3978; x_wconf 87' lang='lat' dir='ltr'>versibus,</span> <span class='ocrx_word' id='word_1_215' title='bbox 474 3899 528 3982; x_wconf 89' lang='lat' dir='ltr'>qui</span> <span class='ocrx_word' id='word_1_216' title='bbox 551 3918 628 3964; x_wconf 82' lang='lat' dir='ltr'>nexu</span> <span class='ocrx_word' id='word_1_217' title='bbox 650 3898 875 3964; x_wconf 87' lang='lat' dir='ltr'>sententiarum</span> <span class='ocrx_word' id='word_1_218' title='bbox 897 3896 973 3962; x_wconf 81' lang='lat' dir='ltr'>satis</span> <span class='ocrx_word' id='word_1_219' title='bbox 996 3897 1209 3980; x_wconf 85' lang='lat' dir='ltr'>repudiantur.</span> <span class='ocrx_word' id='word_1_220' title='bbox 1231 3931 1271 3943; x_wconf 88' lang='lat'>-</span> <span class='ocrx_word' id='word_1_221' title='bbox 1291 3898 1399 3979; x_wconf 88' lang='lat' dir='ltr'>Neque</span> 
     </span>
     <span class='ocr_line' id='line_1_31' title="bbox 303 4005 929 4092; baseline -0.003 -18"><span class='ocrx_word' id='word_1_222' title='bbox 303 4009 380 4074; x_wconf 90' lang='lat' dir='ltr'>mihi</span> <span class='ocrx_word' id='word_1_223' title='bbox 402 4027 527 4092; x_wconf 85' lang='lat' dir='ltr'>possum</span> <span class='ocrx_word' id='word_1_224' title='bbox 549 4007 731 4092; x_wconf 86' lang='lat' dir='ltr'>persuadere</span> <span class='ocrx_word' id='word_1_225' title='bbox 751 4026 781 4072; x_wconf 84' lang='lat' dir='ltr'>v.</span> <span class='ocrx_word' id='word_1_226' title='bbox 805 4005 929 4072; x_wconf 81' lang='grc'>45-48</span> 
     </span>
    </p>
   </div>
   <div class='ocr_carea' id='block_1_4' title="bbox 303 4257 1398 4429">
    <p class='ocr_par' dir='ltr' id='par_1_7' title="bbox 303 4257 1398 4429">
     <span class='ocr_line' id='line_1_32' title="bbox 405 4257 1398 4331; baseline 0 -18"><span class='ocrx_word' id='word_1_227' title='bbox 405 4259 432 4331; x_wconf 83' lang='lat'>1)</span> <span class='ocrx_word' id='word_1_228' title='bbox 449 4262 656 4331; x_wconf 81' lang='lat' dir='ltr'>Argumentum</span> <span class='ocrx_word' id='word_1_229' title='bbox 677 4277 775 4316; x_wconf 91' lang='lat' dir='ltr'>eorum</span> <span class='ocrx_word' id='word_1_230' title='bbox 798 4260 851 4315; x_wconf 87' lang='lat' dir='ltr'>hoo</span> <span class='ocrx_word' id='word_1_231' title='bbox 873 4259 931 4314; x_wconf 82' lang='lat' dir='ltr'>iere</span> <span class='ocrx_word' id='word_1_232' title='bbox 956 4259 1024 4315; x_wconf 84' lang='lat' dir='ltr'>fuit:</span> <span class='ocrx_word' id='word_1_233' title='bbox 1063 4259 1160 4330; x_wconf 86' lang='lat' dir='ltr'>„Nune</span> <span class='ocrx_word' id='word_1_234' title='bbox 1178 4263 1272 4316; x_wconf 90' lang='lat' dir='ltr'>autem</span> <span class='ocrx_word' id='word_1_235' title='bbox 1289 4257 1398 4329; x_wconf 87' lang='lat' dir='ltr'>Thesei,</span> 
     </span>
     <span class='ocr_line' id='line_1_33' title="bbox 303 4357 966 4429; baseline 0 -17"><span class='ocrx_word' id='word_1_236' title='bbox 303 4358 377 4429; x_wconf 82' lang='lat' dir='ltr'>regis</span> <span class='ocrx_word' id='word_1_237' title='bbox 395 4357 477 4411; x_wconf 86' lang='lat' dir='ltr'>huius</span> <span class='ocrx_word' id='word_1_238' title='bbox 495 4359 597 4426; x_wconf 81' lang='lat' dir='ltr'>terrae,</span> <span class='ocrx_word' id='word_1_239' title='bbox 616 4357 733 4414; x_wconf 86' lang='lat' dir='ltr'>tutelam</span> <span class='ocrx_word' id='word_1_240' title='bbox 750 4357 966 4428; x_wconf 83' lang='lat' dir='ltr'>exapeotantes.“</span> 
     </span>
    </p>
   </div>
   <div class='ocr_carea' id='block_1_5' title="bbox 0 0 1575 5138">
    <p class='ocr_par' dir='ltr' id='par_1_8' title="bbox 0 0 1575 5138">
     <span class='ocr_line' id='line_1_34' title="bbox 0 0 1575 5138; baseline 0 0"><span class='ocrx_word' id='word_1_241' title='bbox 0 0 1575 5138; x_wconf 95' lang='lat' dir='ltr'> </span> 
     </span>
    </p>
   </div>
  </div>
 </body>
</html>
