3170 5134
690 471 726 526 ab

158 629 248 729 α’μφὶ
268 639 426 727 παρθένῳ
448 662 543 710 unam
566 643 783 710 difficultatem
805 647 946 725 remouit,
978 645 1109 714 alteram
1137 647 1255 714 intulit.

160 752 197 816 V.
212 754 317 819 autem
335 753 404 831 104,
430 751 488 817 atsi
510 771 563 834 per
585 771 616 818 se
638 753 757 819 nullam
778 757 904 837 praebet
925 755 1097 822 offendendi
1119 774 1253 835 eausam,

157 861 260 926 tamen
283 862 376 928 verba
398 855 484 942 πρὸς
505 855 639 944 δάμαρτ’
664 857 747 947 ἐμήν
769 866 930 931 mutuatus
953 884 1016 930 esse
1037 865 1161 962 videtur
1184 884 1199 930 e
1222 886 1251 932 v.

159 970 206 1035 99.
228 970 299 1035 Hoo
313 971 437 1052 quidam
458 971 535 1036 mihi
561 972 769 1037 certissimum
791 973 837 1038 est
859 974 930 1056 post
952 993 981 1039 u.
999 976 1059 1039 100
1081 975 1251 1041 clausulam

158 1078 295 1162 aliquam
325 1078 479 1145 addidisse
502 1080 691 1162 Euripidem,
725 1083 762 1146 ut
789 1081 878 1154 dolus
905 1080 1157 1165 Agamemnonis,
1192 1102 1252 1166 quo

157 1186 286 1254 fallebat
318 1207 453 1269 uxorem,
487 1188 601 1254 elarius
635 1189 805 1272 appareret.
848 1191 934 1256 Haeo
961 1190 1061 1274 igitur
1092 1175 1154 1256 fere
1182 1211 1253 1257 eum

156 1297 314 1379 scripsisse
335 1297 468 1362 oonioio:

306 1426 419 1496 πειθώ
441 1426 500 1516 γὰρ
523 1422 610 1512 εἶχαν
631 1426 736 1516 τήνδε,
760 1431 932 1514 παρθένου
954 1426 1064 1516 γάμον.

156 1566 223 1632 lam
245 1567 432 1651 sequebatur
453 1585 488 1632 ea
508 1566 629 1650 prologi
648 1585 729 1649 pars,
753 1586 833 1649 quae
848 1586 927 1632 noua
943 1567 1252 1652 oonsiliaAgamem·

156 1677 256 1754 nonis,
288 1675 399 1759 quibus
421 1675 524 1757 priora
545 1675 635 1741 irrita
658 1676 783 1752 faceret,
806 1677 993 1743 continebat.
1036 1677 1127 1744 Hane
1147 1681 1251 1746 autem

157 1785 282 1850 omnino
311 1783 473 1854 immutari
502 1783 646 1850 debuisse
671 1785 712 1850 ab
738 1804 773 1850 eo
799 1785 853 1868 qui
873 1786 1055 1868 anapaestos
1080 1787 1201 1852 addidit
1222 1789 1253 1853 et

156 1911 258 1957 senem
280 1893 313 1956 in
335 1911 447 1958 scaena
469 1895 660 1974 praesentem
683 1893 782 1973 finxit,
805 1894 958 1959 neminem
980 1894 1072 1978 fugit.
1117 1896 1176 1962 Sed
1196 1916 1252 1962 an-

46 2019 47 2022 ’
155 2001 282 2085 tequam
302 2001 452 2068 iudicium
473 2022 577 2067 meum
602 2002 640 2067 do
667 2003 788 2086 prologi
817 2004 1011 2069 oonolusione
1038 2003 1168 2077 editam,
1201 2023 1252 2070 oos

156 2129 241 2192 (piros¹
256 2109 393 2176 nondum
416 2112 654 2177 commemoravi
677 2130 821 2176 uersuum
847 2112 1011 2177 loo-114
1030 2131 1142 2178 naevos
1158 2132 1251 2195 quam

155 2219 334 2286 brevissime
353 2222 543 2314 percensebo.
588 2221 715 2287 Duabus
737 2221 897 2287 decausis
919 2221 1046 2288 tolerari
1068 2240 1129 2286 uon
1152 2222 1253 2304 potest

156 2329 323 2395 sententia:

344 2457 440 2545 μόνοι
462 2461 490 2528 d'
514 2454 654 2543 Ἀχαιῶν
676 2455 780 2545 ἰ’σμεν,
805 2460 849 2540 ὥς
871 2457 938 2542 ἔχει
959 2455 1046 2546 τάδε,

260 2557 265 2570 ’
349 2566 482 2652 Κάλχας
501 2563 669 2648 Ὀδυσσεὺς
690 2571 866 2649 Μενέλεως
887 2571 941 2636 θ’·

156 2707 294 2786 postulat
312 2707 393 2771 onim
415 2699 517 2788 ἴσμεν,
542 2709 577 2771 ut
593 2707 787 2790 Agamemno
806 2707 872 2790 ipse
892 2725 966 2772 uooe
985 2700 1046 2790 ἐγώ
1063 2707 1197 2784 notetur,
1219 2706 1250 2771 et

156 2801 296 2882 adden'da
317 2818 385 2882 erat
405 2817 559 2898 partioula
580 2838 616 2880 τε
637 2817 707 2898 post
723 2817 823 2882 Ulixis
839 2835 950 2881 nomen
959 2815 993 2899 ¹).
1019 2815 1248 2896 Tautologiam

157 2941 233 3003 quae
254 2926 336 2991 inest
356 2925 387 2990 in
411 2927 514 2993 verbis

466 3049 488 3124 ἃ
509 3058 545 3124 δὲ
565 3057 702 3124 κέκευθε
724 3057 836 3136 δέλτος
858 3055 892 3122 ἐν
913 3059 1052 3137 πτυχαῖς

352 3163 438 3254 λόγῳ
459 3164 577 3255 φράσω
599 3190 653 3234 σοι
675 3162 783 3232 πάντα
803 3157 1063 3251 τάγγεγραμμένα

158 3316 243 3366 nemo
267 3322 354 3385 spero
376 3303 491 3368 nostris
512 3303 702 3387 temporibus
716 3302 790 3368 ferri
812 3319 899 3385 posse
920 3299 1099 3366 affirmabit.
1132 3297 1249 3362 Iterum

159 3403 408 3488 deprehendimus
424 3411 503 3475 illud
517 3411 776 3494 interpolatorum
792 3410 959 3476 artificium
974 3427 1066 3490 supra
1081 3404 1249 3471 identidem

160 3518 354 3602 castigatum,
386 3520 422 3584 ut
449 3519 530 3602 quod
559 3520 738 3602 pronomine
765 3519 896 3585 relativo
922 3518 1041 3583 dictum
1070 3516 1117 3581 est
1142 3513 1250 3596 postea
1352 3529 1355 3538 ·

162 3723 354 3739 *Q*—

258 3863 284 3932 1)
304 3862 454 3919 Senserunt
478 3861 657 3918 difficultates
681 3861 845 3932 Hennigiua
874 3860 923 3930 qui
946 3861 964 3914 l.
984 3862 1003 3913 l.
1026 3877 1053 3930 p.
1072 3845 1194 3913 85'adn.
1214 3859 1248 3910 22

163 3948 267 4029 Κάλχας
284 3958 307 4013 τ’
321 3957 466 4019 Ὀδυσσεὺς
482 3963 628 4018 Μενέλεως
648 3959 676 4014 θ’
700 3961 876 4016 scribendum
893 3958 1035 4030 proponit,
1064 3961 1091 4012 et
1109 3956 1248 4024 Vitellius,

163 4051 256 4114 qui-1„
279 4056 409 4112 editionis
433 4075 498 4112 suae
517 4057 711 4113 Introduaioue
731 4076 760 4128 p.
779 4057 883 4111 XXXV
900 4057 991 4111 looum
1016 4053 1056 4109 sio
1080 4053 1247 4109 conformat:

164 4141 267 4222 Κάλχας
282 4149 425 4212 Ὀδυσσεὺς
444 4157 589 4214 Μενέλεως
610 4151 664 4224 ἐγὼ
684 4154 725 4206 θ’·
746 4149 763 4205 ά
782 4153 807 4205 d’
825 4151 856 4206 οὐ
874 4152 961 4210 καλῶς
978 4146 1041 4219 τότ’,
1068 4142 1148 4208 αὖθις
1167 4165 1246 4221 μετα·

162 4238 254 4316 γράφω
273 4250 360 4308 καλῶς
378 4243 461 4303 πάλιν
479 4252 533 4303 κτλ.
561 4249 667 4304 Neuter
684 4249 785 4303 menda
801 4249 883 4318 plane
903 4247 1016 4301 sustulit
1034 4262 1123 4314 neque
1136 4244 1248 4299 omnino

163 4336 218 4393 tolli
235 4351 357 4414 possunt.
