3170 5134
737 445 869 514 σι’

207 631 361 708 1112‚13,
384 631 477 696 habet
497 650 525 697 r.
543 633 581 696 72
603 629 721 713 κρίνων
739 633 770 696 et
791 622 956 713 Ἀργείων.
984 630 1077 696 Vides
1093 631 1150 694 hoo
1164 628 1196 692 in
1212 647 1302 694 vorsu

209 739 290 804 idem
321 738 466 818 accidere,
499 738 582 823 quod
613 741 676 805 iem
704 759 793 822 saepe
814 741 846 803 in
875 739 988 822 spuriis
1009 739 1086 804 looie
1109 736 1303 804 animadver-

209 846 317 911 timus:
341 847 444 912 variae
459 848 616 930 pullulant
630 849 787 914 lectiones.
813 850 940 913 Versum
957 848 1038 912 enim
1053 849 1092 912 72
1107 848 1146 912 ab
1157 845 1303 928 Euripide

208 947 355 1038 seriptum
378 975 438 1020 nou
461 976 525 1022 esse
546 958 738 1040 apertissime
760 959 849 1024 dooet
870 975 1038 1041 pronomen
1059 950 1125 1034 ὅδε,
1162 954 1244 1038 quod
1273 953 1304 1018 et

207 1062 268 1127 vilo
300 1065 346 1128 est
380 1065 514 1130 trimetri
544 1066 789 1149 supplementum
821 1068 853 1132 et
884 1068 1005 1150 pugnat
1031 1085 1101 1132 oum
1132 1063 1304 1129 certissima

207 1172 275 1255 lege
297 1173 471 1256 Euripides,
494 1194 573 1258 quae
595 1175 679 1240 istud
701 1195 868 1259 pronomen
891 1177 1027 1259 personis
1048 1175 1080 1238 in
1103 1192 1213 1240 scaeua
1242 1190 1303 1237 non

208 1282 419 1363 praesentibus
448 1283 586 1348 adhiberi
608 1285 704 1350 vetat.
750 1285 859 1368 Neque
879 1303 950 1350 vero
972 1284 1065 1349 verba
1087 1276 1133 1360 οἷς
1155 1275 1173 1346 ὃ
1194 1282 1304 1362 μῦθος

207 1379 398 1471 ἀνθρώπων
428 1392 491 1467 (vel
511 1381 681 1475 Ἀργείων)
708 1389 775 1473 ἔχει
802 1395 877 1459 bene
907 1392 981 1459 addi
1012 1392 1186 1476 participis,
1222 1389 1303 1472 quod

208 1498 308 1562 looum
343 1499 477 1564 nominis
512 1501 626 1583 proprii
655 1501 777 1566 Paridis
806 1503 900 1585 tenet,
933 1503 1002 1585 quis
1032 1519 1093 1566 non
1125 1497 1304 1580 intellegit?

208 1608 253 1671 At
275 1607 374 1672 deleto
397 1609 527 1690 pessimo
550 1627 640 1674 versu
668 1610 763 1674 etiam
792 1612 1001 1693 praecedentis
1031 1611 1123 1675 uerba
1149 1607 1304 1691 postrema

209 1707 226 1777 δ
255 1707 312 1790 τάς
339 1707 431 1790 θεὰς,
464 1715 639 1798 siquidem
668 1716 768 1780 cetera
795 1717 918 1799 integra
945 1718 1101 1799 putamus,
1134 1715 1303 1780 necessario

210 1823 350 1904 Euripidi
372 1822 578 1889 abiudioauda
601 1825 682 1889 sunt.
716 1823 817 1890 Multa
840 1825 972 1908 eogitari
992 1827 1121 1909 possunt
1143 1842 1248 1889 versus
1264 1825 1302 1888 71

210 1931 432 2015 supplementa,
456 1932 542 1997 velut
562 1930 672 1996 στάδιον
693 1926 807 2014 Πάρις,
829 1927 981 2017 Πριάμου
1002 1927 1105 2017 γόνος,
1129 1933 1221 1997 θεῶν
1236 1954 1304 2012 κρι-

208 2033 282 2120 τής;
305 2058 423 2123 semper
444 2042 547 2105 tamen
570 2041 688 2106 ineerta
703 2042 841 2106 manebit
855 2043 1021 2122 restitutio,
1045 2043 1106 2106 nisi
1123 2041 1227 2108 fausta
1242 2039 1305 2105 for·
1342 2073 1345 2084 ι

208 2148 285 2211 tuna
318 2165 398 2216 nova
428 2149 515 2214 nobis
546 2149 789 2231 suppeditaverit
823 2151 1005 2216 emendandi
1038 2150 1226 2216 adiumenta.
1266 2184 1303 2194 -

209 2255 319 2320 Paullo
342 2258 455 2321 eertius
478 2258 582 2322 senari
604 2261 735 2341 possunt
756 2278 859 2325 versus
880 2260 1087 2343 insequentes:

348 2424 580 2506 Λακεδαίμον’,
603 2418 750 2510 άνθηρδς
769 2425 829 2508 μὲν
850 2420 992 2508 εἱμάτων
1013 2425 1122 2514 στολῇ,

348 2536 456 2618 χρυσῷ
478 2533 513 2598 δὲ
524 2533 545 2617 ¹)
568 2530 718 2618 λαμπράς
739 2531 894 2620 βαρβάρῳ
915 2529 1082 2621 χλιδήματι

265 2645 304 2708 75
348 2641 431 2724 ἐρῶν
453 2642 574 2726 ἐρῶσαν
596 2634 688 2730 ᾤχετ’
712 2639 935 2726 ἐξαναρπάσας

347 2735 471 2838 Ἑλένην
493 2751 577 2836 ιιρδς
594 2743 677 2838 Ἴδης
698 2747 896 2835 βούσταθμ’,
920 2750 1061 2838 ἔκδημον
1084 2753 1193 2835 λαβιδν

353 2861 541 2927 Μενέλαον·
565 2853 584 2928 ὃ
606 2861 642 2928 δὲ
663 2861 740 2928 καθ’
761 2857 892 2928 Ἑλλάδ’
915 2857 1092 2946 οἰστρήσας
1112 2855 1206 2946 μόρῳ

352 2962 470 3051 ὅρκους
491 2966 650 3048 παλαιούς
675 2965 846 3053 Τυνδάρεω
868 2960 1075 3054 μαρτύρεται,

353 3071 398 3154 ὥς
419 3074 478 3168 χρὴ
502 3082 643 3165 βοηθεῖν
664 3084 770 3149 τοῖσιν
791 3073 1023 3164 ἀδικουμένοις.

210 3247 296 3311 Haeo
321 3247 367 3312 est
388 3247 478 3312 Leur.
501 3248 532 3313 et
556 3249 623 3314 Pal.
646 3249 838 3314 consentiens
863 3248 1016 3332 scriptura
1042 3246 1181 3330 aprima
1209 3263 1304 3310 manu

209 3356 336 3420 tradita.
379 3357 583 3439 Inspiciamus
605 3359 738 3440 primum
756 3379 783 3423 v.
800 3359 850 3437 76,
873 3375 1090 3442 quemomnos
1112 3357 1244 3421 editores
1258 3354 1304 3420 ita

210 3467 357 3545 scribunt,
380 3468 416 3530 ut
438 3467 560 3531 codices
582 3487 643 3532 una
665 3486 735 3532 oum
752 3467 907 3534 Clemente
922 3465 1130 3532 Alexandrino
1152 3464 1303 3529 exhibent.

211 3573 287 3640 (lum
303 3576 408 3640 autem
428 3576 625 3658 interpretari
647 3576 685 3641 iis
701 3596 776 3660 opus
792 3597 853 3642 non
868 3576 1019 3654 videatur,
1044 3573 1117 3640 audi
1133 3573 1186 3656 qui
1202 3573 1305 3637 vortat

210 3683 315 3748 Fixius
336 3686 428 3750 verba
453 3681 593 3770 ἔκδημον
614 3681 722 3766 λαβών
745 3685 931 3750 Mavilum:
968 3703 1111 3767 „peregre
1132 3682 1304 3765 profectum

210 3793 319 3859 naotus
341 3792 545 3859 Menelaum.“
591 3795 727 3860 Putasne
756 3795 945 3878 Euripidem,
978 3794 1005 3858 si
1034 3795 1093 3859 hoo
1120 3791 1222 3857 dioore
1250 3810 1305 3856 vo-

209 3900 326 3980 luisset,
346 3903 413 3966 tam
436 3903 578 3968 absurdis
600 3904 701 3969 verbis
723 3903 817 3968 luisse
839 3906 989 3968 usurum?
1033 3901 1143 3967 Nonne
1164 3893 1304 3986 ἔκδημον

209 4001 315 4088 τυχών
337 4004 508 4074 Μενελάου
531 4011 723 4093 scripsisset?
767 4011 878 4076 Melius
907 4011 1010 4080 aulem
1038 4009 1181 4082 Omnibus
1207 4007 1306 4078 edito·

312 4339 337 4404 1)
356 4337 402 4392 Sio
421 4339 597 4394 seribendum
615 4345 657 4394 est
675 4357 726 4411 pro
745 4340 851 4397 tradito
871 4359 907 4394 τε.
