3170 5134
755 451 789 504 57

221 623 391 705 legentium
413 623 532 688 animos
555 641 648 706 quam
671 623 799 688 Helena.
843 623 954 706 ltaque
969 623 1212 706 quammaxime
1225 623 1314 689 illam

222 731 260 796 ab
289 731 493 797 histrionibus
522 731 617 798 fuisse
646 731 836 816 adamatam,
868 731 888 796 i.
912 751 936 796 e.
963 732 1183 814 interpolatam
1208 751 1261 814 per
1283 750 1315 796 se

222 839 389 906 uerisimile
411 841 466 919 est,
490 859 582 923 quam
605 827 779 923 opinionem
795 840 845 907 W.
863 841 900 907 A.
916 839 959 915 Ε.
974 859 1002 923 p.
1022 841 1082 906 241
1107 840 1315 936 compluribus

221 949 365 1031 exemplis
377 949 452 1014 scite
463 949 649 1032 probavit1).
673 949 826 1033 Prologus
840 951 954 1025 autem,
977 967 1067 1032 quem
1080 949 1199 1014 Helena
1210 947 1314 1014 Protei

222 1057 359 1122 assidens
381 1057 519 1140 sepulcro
541 1058 661 1137 recitat,
686 1057 818 1141 primum
841 1059 926 1124 illius
941 1057 1119 1144 (ul-15),
1141 1059 1210 1122 tum
1224 1075 1314 1122 suum

221 1185 319 1248 genus
341 1166 372 1240 et
393 1166 460 1232 iata
473 1169 517 1248 (u.
532 1167 602 1232 16-
613 1167 664 1248 67)
680 1186 836 1245 enarrans,
860 1186 930 1232 cum
948 1166 1020 1232 hnic
1040 1165 1314 1248 interpolationum
1345 1159 1347 1170 ’

221 1275 326 1358 generi
347 1275 451 1340 locum
472 1295 534 1340 non
555 1276 724 1360 praeberet,
757 1275 875 1342 ditatus
897 1277 943 1342 est
971 1274 1128 1341 nonnullis
1150 1273 1314 1338 sciolorum

222 1384 452 1450 additamentis.
496 1385 533 1450 In
556 1403 661 1452 eorum
683 1404 845 1452 numerum
863 1385 961 1450 refero
982 1383 1151 1467 insipidum
1172 1401 1201 1447 v.
1225 1382 1244 1446 5

370 1512 479 1602 Φάρον
499 1518 559 1601 μὲν
580 1515 679 1584 οἰκῶν
701 1519 807 1606 νῆσον,
830 1513 1005 1604 Αἰγύπτου
1027 1518 1055 1584 d'
1077 1507 1165 1600 ἅναξ,

224 1674 241 1718 a
264 1651 428 1719 Luedersio
450 1652 643 1736 damnatum,
666 1672 756 1736 quam
779 1653 833 1736 qui
855 1652 989 1735 scripsit,
1011 1652 1076 1718 sina
1097 1649 1191 1718 dubio
1211 1672 1316 1738 gram·

222 1762 355 1827 maticus
376 1761 476 1840 homo,
512 1763 665 1828 abstinere
687 1783 747 1827 non
769 1761 882 1844 potuit,
916 1761 991 1844 quin
1013 1761 1199 1844 sapientiam
1227 1780 1315 1827 suam

222 1881 257 1936 ex
278 1871 370 1937 Hom.
393 1871 413 1934 δ
433 1872 494 1936 355
524 1872 655 1954 petitam
681 1870 823 1954 Euripidi
852 1870 1039 1936 obtruderet.
1072 1906 1114 1919 -
1146 1869 1218 1934 Non
1249 1870 1315 1934 tam

222 1979 308 2046 facili
330 1999 420 2063 opera
442 1979 545 2046 sanari
566 1981 668 2062 potest
689 1981 849 2058 damnum,
872 1979 953 2062 quod
974 1997 1082 2062 passus
1105 1979 1151 2044 est
1172 1979 1257 2044 locus
1278 1977 1316 2043 do

222 2087 403 2155 Psamathes
423 2089 543 2156 liberis:

345 2225 364 2289 8
406 2221 507 2289 τίκτει
529 2220 680 2289 δέτέκνα
701 2217 796 2288 δισσὰ
819 2222 930 2287 τοῖσδε
953 2215 1091 2306 δώμασι,

407 2327 630 2416 Θεοκλύμενον
651 2322 768 2416 ἄρσεν’,
795 2327 845 2397 ὅτι
868 2327 907 2422 δη
930 2327 1033 2408 θεοὺς
1055 2330 1161 2412 σέβων

323 2445 362 2508 10
404 2441 477 2524 βίον
498 2436 645 2527 διήνεγκ’,
670 2433 781 2525 εὐγενῆ
800 2465 836 2506 τε
859 2439 1028 2522 παρθένον

404 2539 500 2636 εἶδος,
523 2546 560 2616 τό
584 2545 706 2636 μητρὸς
725 2542 882 2634 α’γλάϊσμ’,
903 2545 951 2616 ὅτ’
974 2535 1011 2639 ἧν
1029 2548 1172 2636 βρέφος·

407 2658 480 2724 ἐπεὶ
501 2658 529 2725 δ’
554 2659 586 2738 ἐς
608 2658 686 2747 ἥβην
707 2647 809 2746 ἦλθεν
831 2655 962 2741 ὡραίων
982 2654 1093 2744 γάμων

405 2768 562 2836 καλοῦσιν
583 2761 684 2855 αὐτην
707 2764 866 2854 Θεονόην·
887 2765 928 2833 τὰ
948 2771 1029 2834 θεῖα
1050 2761 1109 2852 γὰρ

405 2871 446 2942 τά
466 2878 494 2944 τ’
518 2869 596 2944 ὅντα
617 2879 670 2943 καὶ
693 2879 851 2962 μέλλοντα
872 2873 966 2942 πάντ’
990 2869 1155 2964 ἠπίστατο
1229 2909 1230 2912 “

324 2989 363 3054 15
406 2982 568 3071 προγόνου
591 2989 735 3069 λαβοῦσα
757 2986 891 3073 Νηρέως
912 2983 1007 3070 τιμὰς
1028 2980 1127 3068 πάρα.

224 3121 276 3188 Sic
297 3121 388 3186 Laur.
415 3122 518 3188 locum
541 3122 671 3187 exhibet.
715 3123 819 3188 Facile
842 3123 931 3188 credo
953 3122 1127 3188 Matthiaeo
1154 3120 1319 3186 restituen-

223 3230 297 3295 dum
319 3249 384 3294 esse
403 3249 432 3295 v.
446 3231 482 3292 ll
499 3223 598 3311 Εἰδώ,
620 3231 766 3314 quoniam
788 3249 823 3295 er
844 3231 912 3296 tota
932 3229 1085 3295 sententia
1100 3228 1177 3294 satis
1192 3227 1319 3311 apparet

223 3338 284 3404 duo
305 3337 437 3404 indicari
458 3337 542 3404 filiae
565 3338 749 3404 Psamathes
770 3339 906 3418 nomina,
939 3339 1072 3404 altorum
1098 3336 1319 3428 infantis‚‚al-

222 3449 323 3514 terum
346 3446 481 3512 adultae.
525 3447 689 3514 Praeterea
710 3447 810 3513 scribo
832 3466 886 3530 pro
909 3441 1039 3528 ὡραίων
1060 3447 1142 3511 v.12
1165 3463 1225 3510 non
1248 3462 1318 3510 cnm

224 3554 347 3622 Reishio
370 3551 500 3635 ὠραίαν,
523 3556 575 3622 scd
595 3575 664 3621 oum
680 3557 722 3622 N.
738 3550 851 3639 ὡραία,
875 3556 957 3639 quod
980 3557 1011 3620 et
1025 3573 1084 3620 usn
1099 3553 1317 3636 scriptorum²)
1410 3623 1413 3628 ,

223 3664 254 3728 ct
285 3663 399 3728 diserto
435 3663 572 3730 Pollucis
609 3665 818 3757 testimonio⁰)
858 3664 1069 3730 confirmatur.
1135 3661 1317 3728 (inassatum

224 3772 329 3837 autom
358 3791 422 3838 csse
447 3772 479 3838 in
507 3775 612 3840 nostro
640 3774 709 3839 loco
739 3773 990 3856 interpolatorem
1017 3771 1134 3856 primus
1162 3769 1243 3835 vidit
1267 3769 1317 3847 N„

324 4049 351 4120 1)
371 4050 433 4121 lpse
445 4051 501 4106 illis
514 4051 586 4108 addo
599 4051 829 4108 declamationem
840 4049 985 4104 histrionis
995 4047 1107 4116 ingenio
1117 4046 1318 4117 dignissimam,

223 4163 248 4200 v.
261 4146 411 4216 991-995,
429 4147 477 4217 qui
486 4146 545 4204 ficti
556 4152 621 4202 sunt
632 4165 667 4202 ex
680 4146 802 4201 eiusdem
813 4145 948 4200 orationis
960 4163 986 4199 v.
997 4147 1049 4199 947
1060 4162 1109 4214 sq.,
1127 4145 1181 4202 954
1189 4161 1240 4212 οη,
1256 4143 1318 4196 959.

324 4241 354 4312 P)
370 4241 434 4298 Her.
454 4241 464 4296 1
486 4243 545 4297 107.
566 4244 624 4296 196.
643 4241 714 4296 Χεα.
734 4241 795 4310 Cyn.
814 4239 853 4294 IV
873 4242 898 4308 6,
917 4240 942 4294 9.

324 4338 352 4407 9)
371 4338 398 4392 11
419 4340 464 4392 17:
486 4339 555 4409 ἐρεῖς
573 4339 607 4393 δέ
617 4355 623 4367 ·
642 4339 782 4408 παρθένος
800 4334 885 4407 ὡραία
903 4329 1012 4408 γάμων.
