3170 5134
836 433 886 486 102

316 627 426 674 unum
462 607 536 690 est,
571 623 680 671 unam
717 604 984 687 complectitur
1020 603 1236 686 historiam,
1271 603 1302 668 si
1336 603 1409 667 duo

314 714 450 798 capita
472 714 597 792 habet,
621 713 711 779 duas
733 712 916 778 historias
937 712 1111 795 praebet.

413 821 571 887 Posterius
605 821 784 904 contingere
816 820 950 886 vidimus
982 822 1014 884 in
1046 819 1207 902 Hecubae,
1238 818 1410 902 Hippolyti,

314 931 468 1009 Herculis,
500 930 605 1013 aliquo
634 929 725 997 modo
755 929 788 993 in
811 928 1050 994 Phoenissarum
1080 928 1226 1011 prologis.
1268 925 1412 992 Herculis

314 1042 460 1125 prologus
494 1058 528 1106 eo
559 1038 692 1121 insignis
727 1038 782 1117 est,
819 1037 902 1121 qnod
934 1037 1024 1104 alteri
1057 1037 1094 1102 de
1126 1037 1207 1120 Lyco
1240 1036 1413 1102 narrationi

316 1167 431 1216 novum
454 1148 611 1214 exordium
633 1148 835 1230 praemissum
859 1147 919 1221 est;
955 1139 1119 1229 Hippolyti
1142 1145 1299 1228 prologus,
1329 1143 1412 1227 quod

316 1259 465 1342 quattuor
488 1257 626 1323 uersibus
653 1256 736 1321 inter
767 1255 843 1320 duas
873 1255 1067 1321 narrationes
1096 1253 1288 1336 interpositis
1319 1271 1412 1320 nexus

314 1385 420 1433 earum
440 1365 597 1432 indicatur
619 1365 669 1443 (cf.
691 1385 719 1447 p.
743 1366 783 1428 36
806 1365 836 1428 et
858 1383 886 1446 p.
910 1353 962 1444 12)

414 1474 536 1540 Media
557 1473 717 1556 prologi
742 1492 836 1555 pars
865 1491 991 1538 rerum
1013 1471 1268 1537 narrationem
1298 1490 1413 1555 usque

316 1583 364 1650 ad
385 1582 482 1648 illud
505 1582 685 1666 temporis
707 1581 933 1648 momentum
954 1581 1145 1663 producit,
1168 1599 1238 1663 quo
1259 1580 1412 1648 fabulae

316 1691 438 1775 ipsius
463 1691 571 1758 actio
593 1691 756 1774 incipit;
778 1709 977 1774 nunqnam
999 1708 1039 1756 66
1059 1708 1158 1772 quae
1179 1689 1413 1772 spectatores

318 1800 447 1885 postea
469 1801 549 1867 suis
571 1801 695 1867 oculis
717 1801 911 1876 ridebunt,
935 1799 1086 1865 enarrat
1107 1799 1231 1882 iisque
1246 1797 1414 1881 volupta-

317 1911 392 1975 tem
412 1908 639 1991 spectandae
660 1908 812 1975 fabulae
834 1906 1043 1990 praeripit.

419 2017 506 2083 Haec
527 2035 650 2100 quoque
671 2018 718 2082 est
738 2016 820 2082 inter
835 2015 1037 2100 gravissimas
1051 2016 1144 2099 leges,
1167 2034 1243 2099 quas
1259 2033 1414 2082 commen-

319 2127 437 2194 tatione
460 2145 528 2192 mea
549 2127 694 2209 probatas
712 2145 776 2192 6666
789 2125 902 2191 iudico.
936 2125 1082 2209 Pugnare
1095 2125 1281 2191 ridebantur
1295 2125 1415 2207 Hippo·

320 2234 390 2319 lyti,
424 2235 518 2317 lonis,
550 2235 706 2300 Troadum
740 2234 874 2317 prologi;
910 2234 1075 2318 postquam
1108 2235 1213 2299 autem
1234 2233 1415 2300 Wheelerus

321 2342 416 2426 Hipp.
438 2343 478 2408 41
501 2362 545 2425 sq.
569 2343 693 2422 delerit,
718 2360 773 2424 ego
794 2345 860 2408 lon.
884 2344 923 2408 67
945 2361 991 2427 sq.
1012 2345 1045 2410 et
1066 2344 1117 2409 Tr.
1140 2345 1180 2408 36
1201 2362 1258 2426 sq,
1279 2343 1317 2408 ut
1336 2341 1414 2407 milri

320 2451 444 2534 quidem
466 2451 581 2530 videor,
615 2450 732 2516 idoneis
754 2451 854 2516 causis
878 2453 982 2516 motus
1004 2452 1126 2518 obelum
1156 2450 1282 2534 praefixi
1308 2449 1363 2534 (ci.
1384 2470 1413 2533 p.

320 2562 361 2625 46
383 2561 414 2626 et
436 2561 477 2624 49
499 2562 566 2643 66).

326 2705 331 2714 ·
419 2668 508 2735 Unus
529 2668 634 2734 autem
656 2671 703 2735 est
724 2671 870 2753 prologus
891 2670 1087 2754 Euripideus,
1124 2672 1178 2755 qni
1199 2671 1305 2737 futura
1326 2689 1416 2754 prac-

320 2776 408 2857 dicit,
442 2795 520 2860 qnae
549 2779 583 2843 in
614 2779 721 2845 sabula
752 2779 819 2863 ipsa
849 2780 998 2846 ridebunt
1028 2780 1225 2862 spectatores,
1258 2761 1415 2845 Hecubae.

323 2885 402 2952 Vide
422 2905 451 2952 v.
472 2887 615 2953 42—46:

327 3126 330 3139 1
468 3045 521 3110 καὶ
540 3041 687 3128 τεύξεται
705 3041 798 3112 τοῦδ’
819 3039 887 3113 οὐδ’
909 3039 1077 3134 ἆδώρητος
1099 3047 1204 3133 φίλων

470 3150 563 3220 ἔσται
584 3151 670 3239 πρὸς
691 3147 833 3240 dripere·
855 3150 875 3244 ἡ
895 3155 1096 3242 πεπρωμένη
1119 3154 1147 3222 δ’
1169 3144 1238 3240 ἄγει

469 3263 586 3328 θανεῖν
604 3256 749 3353 ἀδελφὴν
768 3264 845 3351 τῷδ’
869 3260 951 3351 ἐμήν
972 3263 1006 3330 ἒν
1027 3254 1135 3350 ἤματι.

469 3371 562 3437 δυοῖν
582 3369 618 3437 δὲ
637 3351 769 3456 aroldum
790 3367 849 3439 δύο
871 3372 973 3457 vercor*
996 3367 1176 3457 κατόψεται

469 3473 585 3565 μήτηρ,
610 3478 694 3563 ἐμοῦ
713 3505 749 3547 τε
770 3485 829 3572 τῆς
849 3505 885 3547 τε
908 3475 1065 3572 δυστήνου
1087 3477 1194 3568 κόρης.

321 3648 392 3712 lure
412 3647 598 3730 quaerimus,
631 3667 686 3714 cur
707 3649 869 3733 Euripides
896 3651 931 3715 in
952 3649 1010 3716 hoc
1039 3650 1167 3733 prologo
1197 3650 1297 3734 legem
1328 3668 1418 3717 sunm

322 3756 499 3839 neglexerit.
523 3755 623 3824 66666
639 3759 686 3824 est
699 3758 809 3842 duplex
820 3759 904 3825 illius
917 3759 1041 3826 fabulae
1056 3760 1148 3839 actio,
1171 3778 1265 3843 quarn
1281 3779 1310 3842 p.
1321 3761 1361 3825 29
1371 3779 1418 3842 sq.

322 3865 639 3932 commemoravimus.
683 3868 752 3933 Etsi
775 3867 856 3935 enim
879 3888 907 3934 v.
924 3867 1047 3935 35-41
1071 3869 1110 3935 ad
1132 3869 1305 3953 Polyxenae
1326 3869 1419 3934 fabu-

321 3972 395 4052 lam,
429 3975 465 4038 ut
486 3975 532 4040 ita
553 3976 666 4056 dicam,
699 3964 922 4044 instituendam
944 3978 1114 4056 sufficiunt,
1147 3980 1253 4044 tamen
1280 3996 1419 4044 necessa·

321 4082 403 4148 rium
424 4085 479 4163 est,
502 4085 539 4148 ut
560 4085 661 4151 sciant
683 4087 879 4169 spectatores,
902 4107 957 4153 cur
972 4086 1145 4172 Polydorus
1166 4089 1259 4154 antea
1280 4087 1318 4153 de
1338 4089 1419 4154 suis

322 4188 396 4256 latis
424 4191 491 4256 tam
520 4193 620 4258 multa
649 4193 837 4262 disseruerit.
881 4194 960 4262 Cum
989 4197 1094 4262 autem
1125 4196 1207 4261 inter
1237 4196 1315 4263 duas
1346 4198 1420 4265 illas

17 4298 515 4539 ‘murationes
536 4319 716 4382 praesens
739 4304 898 4370 vinculum
918 4323 979 4370 non
1001 4304 1181 4384 intercedat,
1211 4305 1264 4372 sed
1285 4324 1321 4371 ca
1343 4306 1418 4374 ton·
