3124 5138
827 445 845 499 6

285 613 370 697 pides
397 633 414 679 e
436 613 570 680 tenebris
597 614 736 698 prolatus
762 616 810 681 est
837 616 868 680 et
895 615 1027 682 tractari
1056 615 1165 700 coepit,
1197 616 1312 682 itemm
1343 618 1389 693 de,

155 757 160 772 ·
285 723 384 806 pretio
413 723 611 808 prologorum
637 723 873 807 Euripideornm
901 725 961 790 riri
990 725 1075 791 docti
1100 726 1320 809 quaesiverunt
1350 727 1381 792 et

286 849 356 896 cum
372 830 548 914 Sophocleis
570 833 784 916 comparantes
806 834 905 900 multo
927 834 1055 900 minoris
1077 835 1155 900 artis
1178 853 1241 900 esse
1256 853 1381 902 censue·
1421 884 1423 892 .

288 941 362 1005 runt
388 939 601 1020 (Valckenaer.
625 941 727 1007 Diatr.
747 941 793 1006 IX
814 960 843 1025 p.
866 939 929 1024 92).
975 942 1062 1012 Unus
1092 942 1211 1008 exstitit
1236 942 1380 1026 prologo·

285 1068 354 1113 rum
377 1049 614 1132 Euripideorum
637 1051 721 1117 haud
749 1050 990 1117 contemnendus
1022 1050 1162 1117 defensor
1192 1049 1380 1134 Lessingius

286 1158 340 1240 qui
359 1158 464 1223 tamen
485 1177 589 1224 amore
607 1160 714 1242 poetae
731 1160 832 1225 nostri
854 1160 999 1243 abreptus
1014 1159 1047 1224 in
1058 1159 1196 1244 prologis
1207 1158 1381 1242 Euripideis

284 1267 360 1332 artis
381 1267 522 1350 tragicae
539 1286 736 1352 progressum
754 1269 889 1351 conspici
905 1269 937 1332 in
957 1268 1036 1334 libro
1058 1268 1171 1334 Hcmb.
1194 1265 1342 1334 Mamm.
1364 1267 1380 1331 1

285 1373 379 1442 Stoicis
393 1376 443 1440 48.
453 1376 493 1440 49
510 1377 633 1441 acutius
648 1395 741 1458 quam
758 1377 859 1442 verius
874 1376 996 1442 videtur
1014 1376 1177 1442 iudicasse.
1200 1375 1260 1442 Sed
1275 1375 1380 1441 eodem

284 1484 353 1549 loco
374 1483 552 1569 Lessingius
574 1485 670 1550 aliam
696 1487 795 1551 movit
816 1486 1037 1569 quaestionem,
1070 1505 1132 1570 qua
1158 1484 1231 1551 inde
1260 1486 1300 1558 ab
1326 1485 1381 1550 illo

286 1593 423 1675 tempore
446 1592 486 1658 ad
507 1592 647 1659 taedium
669 1612 766 1676 usque
784 1594 930 1672 tractata,
959 1594 996 1658 nt
1021 1594 1115 1660 lihere
1137 1613 1238 1659 meam
1258 1594 1381 1659 senten-

285 1701 362 1766 tiam
386 1701 497 1780 dicam,
520 1701 553 1765 in
568 1703 659 1784 poeta
680 1701 746 1785 ipso
762 1702 973 1784 cognoscendo
987 1702 1066 1768 nihil
1081 1703 1284 1786 profecimusp
1301 1702 1382 1767 hanc

286 1809 355 1876 dico
374 1810 594 1893 procederem,
630 1830 684 1876 cur
706 1810 869 1894 Euripides
891 1811 924 1876 in
951 1810 1067 1876 fabulis
1090 1810 1153 1876 suis
1182 1811 1380 1895 prologorum

285 1919 491 1986 instrumento
527 1937 600 1988 usus
632 1919 683 1986 sc.
737 1919 972 1986 arvernarum
1005 1920 1121 1986 arnus
1153 1892 1381 1985 succuris
1450 1970 1452 1974 .

286 2027 385 2094 doctis
406 2046 527 2097 capuae.
554 2028 732 2112 Lessingius
751 2029 817 2111 ipse
831 2028 1008 2111 Euripidem
1031 2029 1239 2111 spectatorum
1262 2027 1381 2093 animos

285 2155 347 2204 uon
370 2138 436 2202 tam
459 2137 498 2203 iis
519 2157 598 2220 qnae
627 2137 705 2204 hant
728 2157 823 2221 quam
852 2157 914 2220 qna
940 2137 1059 2204 ratione
1086 2137 1164 2204 liant
1192 2153 1382 2204 commovere

285 2245 364 2310 velle
387 2245 478 2321 dicit;
499 2245 533 2309 in
555 2264 616 2327 qua
637 2245 790 2311 sententia
813 2245 877 2310 veri
891 2245 1011 2328 aliquid
1026 2245 1125 2313 inesse
1138 2263 1228 2312 nemo
1243 2244 1382 2326 negabit.

286 2353 345 2420 Sed
369 2353 533 2420 Jacobsius
555 2351 698 2434 (Nachtr.
712 2375 754 2419 aa
773 2351 925 2420 SalaerV
947 2374 975 2437 p.
996 2351 1071 2434 402)
1083 2355 1206 2436 poetam
1228 2353 1382 2437 epicorum

287 2481 402 2527 morem
426 2463 576 2540 secutum,
607 2461 799 2558 Schlegelius
821 2459 958 2542 (Vorlcs.
983 2462 1058 2527 dher
1080 2463 1214 2529 dramni.
1238 2461 1383 2528 Koustl

287 2592 317 2654 p.
340 2572 401 2638 215
423 2570 482 2654 sq.)
506 2571 537 2636 et
558 2571 757 2636 Hermannus
778 2569 886 2655 (praef.
903 2570 995 2655 Soph.
1011 2572 1059 2638 El.
1079 2591 1110 2655 p.
1124 2569 1166 2655 X)
1188 2572 1314 2654 propior
1335 2571 1351 2636 f
1368 2605 1383 2618 -

289 2681 435 2747 bularum
455 2679 716 2758 immutationem,
740 2681 946 2746 Firnhaherns
968 2679 1092 2765 (Jahrb.
1110 2681 1167 2762 fair
1180 2679 1295 2746 Philet.
1317 2681 1384 2748 aad

288 2789 386 2856 Poed.
399 2789 511 2871 cuppa
521 2789 612 2854 XVII
624 2809 653 2872 p.
666 2789 726 2854 545
738 2790 798 2872 sq.)
814 2790 937 2872 propter
952 2790 1160 2872 spectatorum
1172 2790 1383 2873 ignorantiam

285 2899 429 2982 prologos
450 2899 607 2981 scripsisse
630 2899 871 2973 existumarunt3
903 2900 1076 2981 postremus
1098 2898 1229 2982 denique
1249 2900 1303 2981 qui
1324 2899 1383 2966 hac

285 3008 324 3074 de
344 3028 376 3073 re
398 3009 521 3090 scripsit
555 3006 733 3074 Commerus
754 3007 814 3093 (De
835 3009 954 3091 prolog.
976 3009 1049 3074 Eur.
1076 3026 1169 3074 cause
1192 3025 1229 3073 ac
1253 3008 1382 3074 ratione.

285 3118 412 3183 Bonnae
426 3114 530 3199 1864),
553 3117 719 3199 postquam
741 3117 912 3181 ceterorum
934 3116 1106 3182 sententias
1127 3117 1203 3182 bone
1223 3115 1382 3195 refutavit,

285 3225 519 3308 Lessingianam
542 3225 648 3308 paucis
670 3225 795 3291 auctam
815 3225 946 3307 adoptat
971 3225 1003 3302 (l.
1017 3225 1039 3290 l.
1053 3244 1082 3306 p.
1095 3226 1158 3306 29).
1186 3224 1247 3290 Sed
1261 3225 1384 3308 egregie

287 3335 338 3402 W.
360 3334 398 3400 Α.
423 3336 458 3400 E.
481 3353 509 3418 p.
523 3336 584 3400 202
608 3333 783 3416 philologos
804 3333 930 3400 tandem
953 3332 1122 3416 aliquando
1145 3334 1185 3400 ab
1206 3333 1268 3399 ista
1290 3351 1383 3415 quae·

285 3445 386 3510 stione
407 3444 564 3510 revocavit
587 3444 618 3508 et
639 3461 752 3510 novam
774 3445 858 3510 viam
878 3442 1024 3510 ostendit.
1070 3441 1267 3525 „Euripides“
1281 3441 1383 3525 inquit

289 3553 384 3634 „artis
405 3553 546 3636 tragicae
567 3553 743 3620 libertatem
765 3552 886 3635 legibus
908 3571 1056 3635 perquam
1076 3550 1215 3618 molestis
1238 3550 1382 3617 coercuit.

286 3662 372 3726 Num
395 3679 463 3726 eum
487 3662 614 3741 latebat,
637 3681 732 3744 quam
754 3661 915 3728 fastidiose
937 3655 1055 3741 οὗξιών
1074 3652 1245 3743 πρώτιστα
1263 3657 1323 3742 μὲν
1343 3653 1382 3724 τὸ
1422 3747 1424 3750 ¹

289 3768 379 3854 γένος
399 3763 439 3834 ἂν
460 3761 554 3834 εἶπεν
575 3760 711 3847 edodgl.
749 3770 819 3836 Non
840 3769 970 3852 poterat,
1002 3768 1161 3838 ridebatur
1185 3768 1277 3834 enim.
1321 3767 1381 3836 Sed

286 3881 316 3945 ct
338 3878 488 3945 facillime
510 3880 557 3946 ita
577 3879 803 3962 defungebatur
826 3877 996 3944 necessario
1018 3877 1128 3956 officio,
1151 3896 1206 3943 nec
1224 3877 1299 3960 puto
1314 3875 1379 3942 veri

285 3988 365 4054 nihil
386 3985 498 4053 vidisse
521 3987 726 4070 Lessingium‚
751 4005 821 4052 cum
838 3984 1018 4067 Euripidem
1042 3985 1199 4051 curavisse
1220 3984 1382 4064 coniceret,

286 4116 325 4164 nc
345 4096 555 4179 spectatorum
577 4095 674 4162 animi
695 4096 729 4162 in
750 4095 840 4162 rebus
862 4094 966 4160 minus
993 4093 1142 4176 grauibus
1172 4092 1383 4160 detinerentur
1483 4173 1488 4182 Ι

286 4205 534 4271 adtontionemve
557 4204 655 4270 animi
676 4204 906 4284 consumerent3
939 4203 1038 4286 ipsam
1064 4201 1199 4270 noluisse
1227 4202 1325 4268 artem
1349 4202 1381 4267 et

287 4309 483 4397 diligentiam
511 4313 544 4383 in
571 4312 642 4382 aliis
664 4332 775 4397 ponere
796 4331 889 4396 quam
912 4313 1025 4396 qubus
1046 4311 1225 4396 tragoediae
1244 4312 1292 4378 ris
1313 4329 1381 4377 ma·
