3170 5134
175 634 324 716 choragus
345 633 379 697 in
398 632 504 698 nostra
519 631 624 704 fabula
641 630 698 708 est,
720 629 851 694 statim
865 648 900 694 ex
913 629 1010 713 Lydia
1026 630 1145 696 Thebas
1160 631 1263 696 venire

173 741 284 808 docent
294 741 355 823 looi
367 741 406 805 ab
417 740 553 806 Usenero
565 739 654 804 allati
666 739 763 804 vaso
772 757 816 821 eq.
827 736 902 820 (233
911 757 956 821 sq.
967 739 1031 822 Nl,
1042 739 1082 804 55
1091 740 1120 822 ¹),
1133 740 1173 804 64
1179 741 1261 822 sq.²),

174 851 283 934 quibus
295 849 374 914 addo
389 869 418 914 v.
430 849 470 914 84
480 867 539 931 sq.:
555 840 701 929 Βρόμιον
713 847 816 911 παῖδα
827 843 911 912 θεὸν
921 849 1006 912 θεοῦ
1016 838 1175 913 Διόνυσον
1188 871 1264 912 κατ-

173 953 308 1042 άγουσαι
330 955 505 1041 Φρυγίων
527 955 568 1038 ἐξ
588 947 711 1038 ὀρέων
731 951 913 1034 Ἑλλάδος
933 952 998 1034 εἷς
1023 947 1264 1039 ου’ροχόροος

172 1057 318 1152 ἀγυιάς.
362 1067 465 1133 Unum
487 1067 592 1132 tamen
613 1066 715 1130 locum
738 1067 797 1132 sibi
822 1066 944 1132 videtur
965 1065 1156 1132 Wecklinius
1179 1068 1265 1132 inve-

174 1177 262 1256 nisse,
287 1177 340 1259 qui
362 1175 486 1241 irritam
508 1176 605 1241 faeiat
629 1176 756 1241 Useneri
780 1176 974 1255 sententiam,
996 1195 1025 1242 v.
1047 1177 1118 1241 481.
1141 1176 1198 1240 82:

272 1313 342 1374 HE.
386 1294 489 1393 ἦλθες
510 1306 546 1372 δὲ
567 1309 684 1389 πρῶτα
706 1305 793 1389 δεῦρ’
814 1295 900 1391 ἷίγων
921 1302 978 1373 τόν
1000 1306 1150 1390 δαίμονας

272 1420 330 1482 ΔΙ.
387 1418 453 1493 πᾶς
474 1407 661 1498 ἀναχορεύει
681 1409 855 1499 βαρβάρων
876 1408 945 1480 soid’
968 1403 1069 1500 ὄργια.

173 1553 218 1618 At
241 1551 369 1616 minime
391 1570 425 1615 ex
447 1569 481 1616 eo
503 1550 650 1633 sequitur,
674 1550 755 1633 quod
770 1549 1051 1629 vultWoolrlinius,
1074 1551 1110 1615 ut
1125 1551 1265 1616 Bacchus

172 1661 214 1727 ad
228 1660 345 1725 multas
359 1659 560 1725 barbarorum
577 1660 683 1742 gentes
706 1658 894 1741 profectus
914 1659 968 1736 sit;
994 1660 1089 1725 immo
1104 1660 1161 1727 hoe
1175 1659 1267 1742 rogat

172 1757 345 1835 Pentheris:
392 1768 588 1844 „Primnmne
617 1767 657 1833 ad
692 1786 748 1832 nos
778 1767 860 1832 huno
891 1767 983 1832 deum
1014 1767 1175 1832 induoisl“
1216 1769 1267 1833 eui

172 1879 257 1944 reete
273 1877 436 1960 respondet
453 1877 603 1941 Bacchus:
628 1876 759 1956 „Omnes
780 1875 906 1940 barbari
927 1876 1002 1941 haee
1024 1895 1111 1942 saera
1132 1875 1264 1942 colunt.“

169 1972 303 2062 Ἠλθες
325 1988 428 2050 autem
453 1985 571 2049 dietum
594 1985 641 2048 est
662 2003 691 2049 v.
712 1984 783 2062 481,
810 1983 882 2065 quia
904 1983 1014 2050 itinere
1036 2003 1111 2075 opus
1133 1985 1208 2064 erat,
1232 1984 1267 2049 nt

173 2094 306 2179 eLpdis
336 2094 375 2159 ad
404 2093 537 2158 Graecos
564 2092 736 2175 perveniret
762 2092 920 2168 Bacchum
952 2093 992 2158 ad
1022 2093 1139 2158 cultum
1165 2093 1267 2159 Liberi

173 2205 257 2269 inter
287 2203 435 2268 barbaros
467 2203 548 2284 ipsos
581 2201 806 2285 divulgandum
839 2201 950 2266 itinere
983 2220 1058 2284 opus
1095 2222 1156 2268 non
1191 2205 1266 2283 erat,

175 2312 289 2396 quippe
310 2330 380 2376 oum
401 2312 435 2376 in
455 2309 595 2376 barbaris
610 2311 792 2375 versaretur.
836 2309 952 2375 Tamen
973 2311 1055 2375 huno
1076 2311 1179 2377 looum
1199 2313 1267 2378 fon·

174 2421 239 2484 tem
269 2420 300 2484 et
334 2418 485 2500 originem
517 2417 766 2499 interpolationis
798 2418 924 2501 prologo
955 2416 1088 2484 insertae
1117 2439 1180 2485 esso
1212 2440 1267 2503 pro

175 2529 261 2594 oerto
284 2527 390 2593 habeo.
423 2525 505 2590 Nam
528 2543 598 2589 oum
620 2545 648 2591 v.
663 2526 725 2590 482
747 2525 901 2611 legeretur
922 2525 999 2603 πᾶς
1011 2522 1192 2614 βαρβάρων,
1215 2550 1267 2595 no·

176 2636 344 2704 cessariam
367 2635 530 2700 ridebatur
551 2635 690 2720 singulas
718 2635 920 2700 barbarorum
944 2639 1051 2717 gentes
1077 2657 1269 2716 enumerare;

177 2746 408 2827 adiuvabatquo
448 2745 536 2810 illam
573 2744 842 2826 interpolationem
881 2746 955 2810 nota
990 2747 1028 2812 do
1064 2747 1179 2812 Bacchi
1216 2768 1268 2831 per

178 2856 287 2921 Asiam
309 2854 419 2919 itinere
441 2853 557 2931 fabula,
590 2871 684 2935 quam
705 2853 872 2918 Alexandri
893 2853 1002 2937 Magni
1028 2856 1269 2938 expeditionibus

178 2965 281 3030 ortam
303 2964 334 3027 et
356 2963 572 3045 pervulgatam
597 2980 661 3026 esse
691 2961 851 3044 constat³).
894 2945 1002 3046 Neqde
1032 2965 1143 3029 desunt
1174 2965 1271 3029 inter·
1382 2991 1387 3005 ·

23 3073 24 3078 ’
109 3130 110 3136 ,
177 3071 491 3156 polationisindieia,
526 3071 612 3136 eiad
636 3089 805 3135 sermonem
832 3089 936 3136 eorum
960 3073 1270 3154 quosdelevitUse-

179 3199 271 3246 nerus
293 3199 436 3244 versuum
457 3181 590 3262 spectas:
618 3198 697 3261 quae
717 3180 912 3245 tamencum
934 3200 968 3245 ex
989 3182 1206 3248 vetustissimis
1228 3185 1278 3248 sit‘

178 3290 237 3355 hoo
268 3287 525 3366 additamentum,
556 3287 632 3352 satis
663 3288 746 3354 levia
777 3290 857 3354 sunt.
899 3289 1002 3354 Nimis
1033 3291 1114 3356 enim
1148 3310 1268 3373 prosam

282 3574 308 3644 1)
328 3575 369 3629 De
386 3574 439 3628 hoa
456 3573 516 3628 loeo
535 3573 600 3628 vide
618 3591 688 3642 quae
705 3572 780 3627 infra
799 3573 923 3629 dicturus
943 3590 1012 3628 sum.

280 3673 307 3740 2)
327 3671 395 3725 (lum
411 3670 465 3725 hoo
481 3668 542 3724 lo'oo
555 3670 591 3724 ad
608 3671 773 3725 sententiam
785 3688 876 3724 meam
889 3670 1090 3725 defendendam
1103 3675 1167 3740 apte
1179 3675 1271 3740 potest

181 3768 338 3837 comparari
356 3767 458 3822 Phoen.
479 3771 507 3822 et
525 3767 585 3836 Iph.
605 3769 667 3822 Aul.
687 3768 815 3840 paredus.

282 3865 310 3932 3)
329 3865 422 3920 Unum
438 3864 628 3918 testimonium
640 3882 695 3919 non
708 3883 820 3934 possum
832 3864 943 3922 silentio
955 3865 1115 3934 praeterire.
1136 3865 1270 3920 Arrianus

181 3962 272 4017 Anab.
290 3960 329 4014 VI
346 3963 381 4015 28
403 3977 533 4030 pompam
554 3960 717 4016 Baoohioam
738 3961 891 4016 Alexandri
911 3962 1068 4016 describens
1093 3962 1160 4016 baec
1187 3962 1269 4016 dicit:

182 4063 228 4112 καὶ
245 4059 327 4112 ταῦτα
344 4055 413 4129 πρὸς
429 4062 549 4130 μίμησιν
566 4059 611 4124 τῆς
628 4052 764 4112 Διονύσου
783 4063 916 4130 βακχείας,
927 4053 1083 4126 ἀπεικάσθη
1098 4052 1269 4130 Ἀλεξάνδρῳ,

182 4151 224 4209 ὅτι
241 4158 287 4208 καὶ
305 4151 374 4221 ὑπὲρ
392 4155 495 4208 ἐκείνου
512 4146 591 4224 λόγος
609 4155 715 4224 ἐλέγετο
734 4149 996 4226 καταστρεψάμενον
1015 4151 1116 4214 Ἰνδοὺς
1135 4150 1272 4209 Διόνυσον

183 4247 252 4305 οὕτω
270 4244 440 4318 τῆν’πολλὴν
456 4250 501 4318 τῆς
515 4246 604 4310 Ἀσίας
622 4251 757 4304 ἐπελθεῖν.
794 4251 835 4305 cf.
853 4251 954 4321 Kamp,
978 4251 1019 4306 De
1036 4251 1189 4306 Ptolemaei
1206 4251 1270 4305 Phi·

182 4329 306 4418 ladelphi
324 4365 425 4416 pompa
443 4345 586 4416 Bacchiae,
604 4347 717 4402 Bonnae
737 4349 805 4402 1864
823 4366 850 4418 p.
870 4349 903 4401 14
921 4365 961 4416 sq.
1106 4338 1109 4346 '
