3170 5134
729 463 763 520 53

197 633 281 698 ditus
293 633 394 700 versui
406 635 455 712 25,
479 635 532 718 qui
552 637 658 702 tamen
679 637 725 702 ita
747 637 943 720 comparatus
965 638 1019 716 est,
1045 639 1081 702 ut
1100 657 1220 704 omnem
1242 638 1291 703 in·

196 742 450 824 terpretationem
464 744 614 826 repudiet.
631 781 667 791 -
685 746 771 827 Quae
792 746 831 811 ab
854 745 994 811 omnibus
1018 746 1186 814 editoribus
1208 767 1237 812 u.
1250 749 1290 812 27

197 851 317 932 recepta
335 853 382 916 est
402 850 531 918 Seidleri
553 855 728 919 coniectura
750 848 986 934 βουλεύσαντος
1000 855 1127 921 minime
1148 856 1224 921 mihi
1245 857 1290 921 ui·

197 960 286 1025 detur
307 960 410 1026 locum
432 979 555 1038 sanare3
578 962 660 1046 quod
683 963 763 1028 enim
787 963 1006 1046 gravissimum
1026 964 1080 1043 est,
1105 964 1290 1046 Aegisthum

173 1115 174 1118 κ
196 1071 338 1135 Electrae
351 1069 580 1138 interficiendae
597 1073 757 1138 consilium
774 1073 898 1155 cepisse,
920 1092 982 1139 non
1003 1072 1106 1154 potuit
1127 1072 1290 1155 participio

197 1178 287 1244 condi
310 1179 411 1262 magis
431 1199 526 1262 quam
547 1182 662 1263 promi;
696 1181 886 1247 contrarium
912 1181 1028 1247 clamat
1054 1181 1148 1246 etiam
1172 1181 1290 1248 tradita

197 1288 340 1373 quamvis
361 1289 474 1356 uitiosa
496 1290 599 1356 lectio.
642 1290 810 1358 Lenissima
831 1290 1004 1358 mutatione
1025 1292 1142 1357 scribo:

295 1400 422 1464 κτανεῖν
441 1397 497 1484 σφ’
521 1391 690 1480 ἐβούλενσ’
711 1390 844 1475 οὗτός·
867 1388 1035 1486 ὠμόφρων
1055 1399 1085 1465 δ’
1107 1393 1197 1482 ὅμως

294 1501 402 1592 μήτηρ
424 1529 472 1570 νιν
494 1503 652 1588 ἐξέσωσεν
673 1502 843 1590 Αἰγίσθοιο
864 1501 968 1589 χερός,

197 1616 345 1700 oppositis
366 1614 479 1682 marito
502 1616 533 1682 et
554 1633 655 1682 uxore.
690 1653 725 1662 -
759 1617 866 1682 Denuo
889 1617 981 1682 vilem
1004 1635 1178 1698 vanamque
1197 1615 1291 1699 eupli·

197 1725 351 1790 ostionem
383 1743 488 1790 eorum
514 1725 567 1808 qui
594 1725 782 1808 praecedunt
809 1743 952 1790 versuum
979 1725 1176 1810 agnoscimus
1202 1725 1234 1789 in
1261 1743 1291 1789 u.

198 1836 247 1900 29.
269 1835 310 1898 30
1019 1895 1026 1909 .

365 1937 412 2019 είς
433 1941 492 2024 μὲν
513 1942 571 2026 γὰρ
592 1930 694 2024 ἄνδρα
715 1947 837 2029 σκῆψιν
859 1932 918 2022 εἶχ’
940 1932 1100 2017 ὀλωλότα,

365 2048 494 2116 παίδων
515 2050 543 2115 δ’
567 2046 673 2116 ἔδεισε
694 2045 739 2136 μὴ
761 2049 951 2136 φθονηθείη
974 2042 1076 2138 φόνῳ,

198 2157 252 2241 qui
277 2158 355 2225 mihi
383 2159 572 2226 damnentur
599 2160 648 2225 uel
672 2159 738 2225 solo
766 2160 916 2226 uocabulo
938 2158 1143 2245 φθονηθείη,
1179 2160 1228 2226 cui
1257 2161 1289 2226 in

198 2267 263 2333 cod.
282 2267 373 2333 Laut.
396 2269 500 2353 glossa
521 2268 678 2352 adscripta
699 2270 745 2334 est
761 2267 943 2354 μεμφθείη.
987 2269 1072 2334 Haec
1096 2269 1180 2336 enim
1201 2270 1292 2335 huius

198 2377 341 2443 vocabuli
372 2376 559 2460 significatio
593 2377 749 2460 Euripidis
785 2377 882 2443 aetati
918 2396 1041 2460 prorsus
1074 2378 1182 2461 ignota
1216 2378 1292 2443 erat.

199 2483 375 2552 Certissima
389 2487 494 2552 autem
513 2486 628 2570 gratim
643 2487 771 2569 possunt
786 2485 1000 2565 demonstrari,
1024 2487 1135 2569 quibus
1150 2489 1292 2572 φθονεῖν

197 2594 238 2659 ad
259 2613 327 2661 eam
349 2613 443 2678 quam
465 2595 516 2661 hic
536 2597 685 2686 habemus
708 2597 866 2662 notionem
888 2595 1036 2680 peruenit.
1065 2595 1189 2660 Primus
1211 2593 1291 2660 enim

196 2703 289 2768 Plato
310 2703 540 2770 substantivum
556 2698 688 2791 φθόνος
709 2705 755 2770 ita
775 2704 945 2787 usurpavit,
968 2705 1004 2768 ut
1018 2704 1292 2785 „obtrectationem

196 2811 328 2892 (inuidia
350 2812 484 2896 ortam)“
509 2813 717 2898 significaret;
751 2813 913 2896 coniungit
939 2813 1021 2879 enim
1049 2831 1119 2878 cum
1142 2812 1291 2878 vocabulo

155 2957 157 2963 =
197 2919 331 3010 διαβολή
366 2921 447 3004 apol.
482 2942 512 3004 p.
547 2921 612 2988 18⁶.
648 2924 717 2999 28·;
762 2921 843 2987 idem
879 2923 984 2987 tamen
1019 2921 1112 2987 uerbo
1150 2923 1292 3007 φθονεῖν

197 3049 355 3114 nunquam
386 3030 454 3113 pari
486 3029 577 3097 modo
609 3049 682 3096 usus
715 3031 771 3096 est.
829 3031 909 3096 Tum
945 3031 1083 3114 demum,
1127 3030 1291 3114 postquam

197 3140 272 3224 haec
306 3137 391 3204 notio
423 3137 573 3224 invaluit,
613 3158 666 3222 per
698 3139 826 3204 tertium
859 3139 990 3222 madum
1022 3139 1125 3222 potuit
1157 3138 1189 3202 in
1224 3158 1292 3204 cam

197 3247 292 3324 abire,
325 3266 419 3330 quam
451 3248 554 3312 noster
589 3248 675 3313 locus
707 3246 832 3329 praebet
870 3246 1135 3329 „reprehendendi
1172 3247 1294 3330 uitupe-

196 3354 316 3421 rcndi“.
359 3356 426 3421 Iam
449 3355 535 3420 uides
558 3355 597 3421 ad
623 3376 715 3439 quem
738 3356 872 3421 aetatem
896 3355 1022 3438 linguae
1043 3355 1165 3439 legibus
1194 3356 1293 3420 coacti

197 3465 377 3530 descendere
413 3463 588 3530 iubeamur:
636 3463 742 3546 itaque
777 3483 805 3529 v.
839 3465 889 3529 29.
922 3465 963 3528 30
997 3463 1165 3528 certissime
1196 3463 1293 3545 spurii

197 3574 279 3638 eunt.
291 3573 403 3638 -Viu
417 3592 496 3637 unus
519 3571 691 3639 intercessit
712 3572 882 3637 versiculus
904 3572 954 3653 31,
977 3589 1047 3636 cum
1068 3571 1181 3636 iterum
1202 3589 1293 3654 opera

197 3702 253 3748 suc
282 3680 462 3748 detestanda
490 3681 697 3758 innotescet,
731 3683 766 3744 nt
793 3681 869 3744 mihi
896 3680 1020 3764 quidem
1050 3679 1180 3754 uidetur,
1212 3679 1292 3744 idem

196 3789 410 3873 interpolator,
445 3789 498 3874 qui
519 3809 548 3855 u.
571 3791 621 3854 29.
641 3791 682 3854 30
704 3789 889 3867 inculcavit3
923 3789 971 3854 his
999 3789 1079 3854 enim
1102 3788 1218 3854 additis
1239 3808 1293 3855 ne·

198 3899 364 3965 cessarium
393 3898 469 3978 erat,
505 3900 541 3964 ut
573 3899 763 3982 repeteretur
794 3899 968 3965 subiectum
997 3891 1177 3982 Αἴγισθος.
1225 3899 1294 3964 Hac

197 4009 301 4074 autem
324 4027 418 4074 causa
439 4007 550 4074 ductus
572 4009 685 4074 damno
708 4028 738 4074 v.
756 4011 807 4073 32.
822 4011 873 4088 33,
896 4008 978 4091 quod
993 4027 1009 4073 e
1024 4007 1125 4072 uerbis
1142 4005 1177 4072 ἐκ
1190 4006 1293 4072 τῶνδε

197 4136 226 4183 u.
241 4119 280 4183 31
304 4117 338 4202 (i.
357 4136 383 4184 e.
405 4119 570 4201 postquam
592 4107 677 4197 εἶχεν
699 4115 733 4182 ἐν
754 4111 869 4199 δόμοις
891 4118 921 4182 et
942 4120 1070 4182 κτανεῖν
1091 4113 1293 4199 ἐβούλευσεν)

197 4226 274 4291 eatis
295 4227 423 4310 apparet
444 4226 572 4294 tertium
587 4207 767 4293 ¹indicatum
788 4226 827 4291 iri
843 4226 985 4308 Aegisthi
1007 4226 1168 4292 consilium
1185 4225 1293 4290 contra

197 4335 388 4402 Electram
410 4334 534 4414 initum,
568 4334 707 4402 Orestem
729 4335 780 4402 hic
802 4336 927 4402 omnino
954 4335 1056 4402 locum
1085 4353 1146 4400 non
1168 4333 1293 4400 habere:
