3124 5138
727 471 763 526 27

199 647 270 714 Non
292 647 367 730 puto
389 645 569 730 Euripidem
592 661 700 711 causas
722 642 785 709 odii
808 639 996 708 Hermionae
1017 641 1137 708 duobus
1150 640 1291 724 deinmps

197 757 273 823 locis
293 757 360 822 tarn
389 754 493 838 ampla
523 751 663 820 oratione
683 751 865 835 exposuisse,
898 749 1007 818 sedin
1038 750 1167 834 prologo
1196 767 1291 816 unam

197 864 484 950 gravissimamque,
507 881 543 928 ex
564 880 626 947 qua
648 861 766 927 ceterae
780 859 922 944 pendent,
945 876 1208 925 commemorasse.
1235 857 1292 925 Ge·

196 975 299 1041 terum
319 973 371 1038 hic
394 973 480 1038 locus
501 971 596 1039 etiam
618 970 745 1037 meliore
765 971 869 1037 utitur
890 985 1030 1035 sermone
1055 985 1150 1051 quam
1172 965 1293 1050 prologi

198 1103 317 1151 versus:
349 1083 400 1150 nie
420 1084 555 1168 legimus
577 1082 700 1165 terreor·
714 1080 876 1167 τάκείνης,
902 1081 969 1148 illie
990 1073 1087 1168 ἡμᾶς,
1121 1079 1172 1144 nic
1193 1075 1293 1144 ναίειν

199 1183 291 1258 οἷκον
311 1181 379 1256 ἄντ’
399 1181 508 1280 αὐτῆς,
529 1191 596 1257 illic
617 1187 739 1274 δόμους
758 1189 940 1270 κατασχεῖν.
963 1222 1002 1234 -
1017 1187 1117 1254 Venio
1133 1187 1174 1252 ad
1188 1186 1294 1270 despe-

198 1303 301 1368 ratum
324 1301 416 1367 huius
437 1300 559 1386 prologi
579 1301 693 1374 locum,
726 1319 818 1384 quem
841 1297 995 1383 quomodo
1022 1296 1181 1380 scripserit
1201 1295 1294 1360 Ituri-

200 1411 285 1494 pidcs
311 1429 409 1494 neque
435 1427 491 1493 ego
517 1409 676 1476 enucleavi
704 1427 802 1493 neque
823 1425 1011 1493 quemquam
1031 1405 1292 1489 investigaturum

200 1519 291 1602 puto;
312 1537 341 1585 v.
364 1517 432 1584 dico
454 1518 495 1583 49
513 1536 570 1601 sq,
594 1536 671 1601 quos
691 1517 732 1583 Κ.
756 1517 787 1584 et
808 1515 849 1590 N.
872 1517 916 1582 sic
938 1514 1138 1599 scripserunt:

392 1620 410 1692 ὁ
431 1621 491 1711 γὰρ
513 1621 677 1715 φυτεύσας
697 1617 797 1692 αὐτὸν
819 1615 887 1692 οὔτ’
910 1623 984 1709 ἐμοί
1005 1617 1112 1707 πάρα

183 1819 185 1828 ‚
308 1737 349 1802 50
390 1735 653 1824 προσωφελῆσαι
673 1733 769 1801 παιδί
788 1734 817 1799 τ’
841 1725 936 1801 οὐδέν
954 1731 1019 1800 ἐστ’
1042 1724 1142 1798 α’ποίν

391 1843 531 1931 Δελφῶν
550 1843 619 1909 κατ’
644 1835 729 1924 αἶαν,
751 1841 837 1911 ἔνθα
858 1844 969 1932 Λοξίᾳ
991 1841 1082 1928 δίκην

390 1951 506 2020 δίδωσι
527 1950 653 2036 μανίας,
675 1937 793 2042 ᾗποτΙ
817 1951 851 2031 ἐς
871 1947 982 2018 Πολλοί
1003 1947 1115 2035 μολυίν

390 2050 489 2149 ᾔτησε
513 2063 638 2142 Φοῖβον
659 2056 785 2142 πατρὸς
806 2047 846 2128 οὗ
869 2060 998 2126 ’κτίνειν
1017 2059 1117 2148 δίκην,

391 2163 427 2236 εί
443 2191 517 2248 πως
537 2165 578 2235 τοί
598 2163 732 2254 πρόσθε
754 2166 916 2258 σφάλματ’
940 2163 1167 2252 ἐξαιτούμενος

304 2280 345 2344 55
387 2275 472 2346 θεὸν
493 2274 685 2365 παράσχοιτ’
706 2277 754 2360 είς
775 2275 815 2348 τὸ
835 2275 955 2347 λοιπόν
976 2269 1109 2368 εὐμενῆ.

201 2389 240 2454 In
265 2389 323 2454 hac
345 2407 490 2455 versuum
516 2389 670 2473 scriptura
697 2409 803 2456 omnes
824 2390 969 2456 videntur
991 2389 1191 2473 acquiescere.
1234 2386 1295 2454 Sed
1381 2461 1385 2474 ,

164 2541 171 2548 -
202 2496 282 2576 vide,
315 2497 395 2581 quot.
420 2499 510 2565 naevi
539 2497 567 2564 ei
597 2499 788 2566 inhaereant.
831 2499 969 2566 Potesne
994 2516 1024 2565 v.
1047 2498 1088 2564 50
1115 2496 1294 2580 Euripidem

202 2605 359 2689 scripsisse
379 2605 474 2671 παιδί
494 2606 523 2671 τ’
546 2599 640 2674 οὐδέν
661 2606 748 2674 ἐστῬ
791 2607 893 2689 Quam
915 2607 998 2674 male
1019 2608 1078 2674 hoc
1101 2606 1221 2672 dictum
1242 2605 1294 2686 sit,

201 2713 425 2782 animadvertit
453 2716 546 2782 schol.
576 2717 642 2784 cod.
664 2716 777 2784 Marc:
822 2715 858 2782 ἐκ
893 2707 1101 2803 παραλλήλου
1132 2707 1173 2779 τὸ
1203 2702 1295 2778 αὐτό.

202 2814 321 2890 ταίτὸν
340 2818 399 2910 γὰρ
419 2824 460 2892 δι’
482 2821 635 2911 ἑκατέρου
657 2825 824 2913 δηλοῦται·
846 2827 946 2892 τοῦτο
967 2818 1030 2910 γυίρ
1050 2813 1239 2890 ἀκόλουθον
1257 2807 1297 2911 ἦν

202 2923 319 3004 εἰπεῖν,
331 2929 437 3000 οὕτω·
460 2923 536 3002 οίίτε
557 2933 631 3018 ἐμοὶ
648 2928 739 3019 πάρα
753 2933 1017 3022 προσωφελῆσαι
1031 2922 1110 3000 οἷίτε
1124 2932 1172 3019 τῷ
1188 2930 1295 2998 παιδί·

203 3040 223 3126 ῆ
243 3040 284 3108 δὲ
304 3032 442 3128 ἀνάγκη
457 3043 525 3109 τοῦ
539 3043 685 3130 μέτρου
705 3046 772 3134 τῆς
789 3035 1045 3129 ταῦτολομίας
1060 3039 1175 3110 αίτία.
1199 3043 1297 3126 Egre-

202 3151 290 3236 gium
311 3151 463 3218 mehercle
482 3152 668 3238 fingeremus
690 3153 869 3237 Euripidem
891 3155 1026 3238 poetam,
1058 3154 1086 3219 si
1113 3154 1194 3220 hanc
1222 3169 1297 3218 can·

202 3278 269 3326 sam
293 3260 501 3343 probaremus.
545 3261 605 3328 Sed
626 3281 664 3328 ne
688 3263 756 3346 ipsa
785 3263 909 3344 quidem
932 3263 1026 3330 verba
1048 3262 1125 3329 satis
1145 3261 1228 3328 bona
1249 3260 1297 3326 vi·

202 3368 336 3442 dentur..
367 3368 437 3434 Etsi
451 3369 533 3436 enim
555 3389 616 3436 non
637 3389 715 3454 nego
736 3361 834 3436 ου’δέν
856 3367 923 3454 εἶμι
945 3371 966 3438 i.
979 3391 1003 3438 e.
1022 3369 1136 3454 „perii“
1153 3370 1301 3436 dativum

203 3477 367 3544 admittere
397 3496 492 3560 posse,
530 3480 636 3545 tamen
667 3480 788 3561 nullum
820 3481 854 3547 in
887 3481 978 3547 tanta
1009 3481 1101 3546 huius
1131 3477 1296 3544 locutionis

203 3585 377 3669 frequentia
409 3587 528 3670 repperi
561 3589 743 3672 exemplum.
797 3573 872 3670 Ἧι,
915 3590 998 3674 quod
1025 3608 1054 3655 u.
1081 3589 1122 3653 52
1154 3587 1297 3672 legimus,

203 3695 346 3762 Reislrius
368 3695 514 3773 coniecit3
538 3715 600 3780 quo
620 3716 700 3781 quae
722 3697 855 3764 efficitur
876 3698 1028 3764 sententia
1048 3697 1095 3763 ita
1117 3696 1297 3778 comparata

203 3803 317 3883 estut
340 3821 411 3869 cum
433 3805 513 3870 bono
536 3823 595 3871 usu
618 3805 773 3890 loquendi,
796 3825 834 3873 ne
855 3807 958 3872 dicam
981 3825 1051 3873 cum
1072 3804 1297 3890 grammaticae

202 3910 323 3996 legibus
344 3913 471 3996 pugnet.
514 3913 622 3998 Neque
645 3915 747 4000 magis
768 3915 871 3998 placet
893 3916 976 3998 quod
997 3915 1194 3981 Hermennns
1220 3912 1297 3978 scri·

79 4020 85 4035 '
202 4019 266 4102 psit
287 4014 339 4098 ίςτ
372 4021 471 4088 multo
498 4023 608 4088 melius
636 4015 688 4088 ὅτι
717 4023 965 4090 substitueretur.
1008 4023 1068 4090 Sed
1097 4023 1240 4090 exhibent
1266 4023 1297 4089 et

203 4127 322 4194 codices
344 4129 457 4212 prioris
479 4130 717 4213 posteriorisque
739 4130 856 4197 ordinis
877 4133 909 4197 et
928 4131 1045 4198 scholia
1060 4149 1123 4196 uno
1146 4129 1297 4196 concentu

202 4234 365 4316 lectionem
386 4231 435 4326 ῆν,
459 4258 558 4323 quam·
578 4241 667 4306 etot
688 4240 820 4307 testibus
834 4241 996 4338 probatam
1014 4240 1169 4306 mordicus
1190 4239 1297 4304 tenen·

203 4343 274 4408 dam
297 4364 360 4412 esse
385 4346 498 4415 iudico.
541 4347 584 4414 At
605 4367 701 4415 novae
727 4349 871 4415 oriuntur
891 4348 1108 4416 difficultates:
1140 4345 1296 4413 sententia
