3124 5138
713 476 745 529 17

173 647 297 712 etcum
319 665 348 712 ν.
371 648 433 711 933
454 666 514 729 sq.:

274 751 398 835 ἔστειχε
418 756 531 838 μεῖζον
551 757 608 844 τῆς
629 755 720 841 δίκης
741 760 875 842 φρονῶν
896 751 1014 822 πάλιν

271 863 404 945 πέρσων
422 856 599 943 Ἀθάνας.

173 972 239 1037 Alii
267 975 435 1051 senilem,
465 975 529 1057 qui,
562 975 619 1040 etsi
647 994 707 1040 non
735 994 871 1059 expresse
891 976 999 1040 dicunt
1030 994 1172 1041 scaenam
1194 976 1266 1041 dra·

173 1083 267 1147 matis
278 1083 409 1148 Athenis
424 1083 629 1148 constitutam
645 1103 708 1149 esse
723 1086 828 1149 tamen
843 1085 919 1150 satis
941 1083 1129 1168 significant.
1162 1083 1266 1148 Perle-

172 1209 228 1273 gas
243 1190 336 1256 velim
351 1208 473 1255 carmen
496 1190 736 1273 pulcherrimum
760 1191 832 1257 inde
855 1211 873 1257 a
896 1210 925 1256 v.
939 1191 1112 1274 748-783‚
1135 1192 1268 1255 maxime

171 1317 201 1364 v.
226 1300 287 1364 763
308 1319 372 1384 sq.:

270 1405 370 1475 κακδν
390 1410 428 1488 δ’,
454 1397 482 1474 (δ
504 1407 628 1490 πόλις,
653 1408 682 1479 εἰ
704 1410 815 1493 ξένους

270 1512 401 1608 ῖκτῆρας
420 1513 660 1604 παραδώσομεν

269 1624 481 1711 κελεύσμασιν
497 1618 638 1714 ’Ἀργοος
660 1666 700 1676 -
722 1631 753 1696 et
775 1650 804 1697 v.
829 1631 890 1695 770
911 1649 974 1713 sq.:
1042 1629 1044 1634 ’

268 1728 347 1819 ἄλλ’,
369 1722 397 1801 ὦ
418 1731 545 1816 πότνια,
570 1733 629 1804 σάν
649 1733 709 1821 γάρ
734 1723 833 1816 οὖδας

268 1849 339 1930 γᾶς,
365 1840 432 1912 σάν
453 1846 516 1910 καὶ
537 1841 667 1925 πόλις,
690 1831 734 1922 ἇς
755 1840 801 1910 σά
823 1840 946 1930 μάτηρ

269 1941 457 2021 δέσπδινά
477 1980 517 2021 τε
539 1955 604 2021 καὶ
624 1949 761 2042 φάλαξ,

164 2064 315 2148 dicasque
337 2066 423 2149 mihi,
453 2066 507 2130 ubi
538 2066 699 2130 cantatum
722 2063 848 2129 iudices.
891 2063 1055 2128 Praeterea
1075 2063 1213 2130 conferas
1234 2083 1264 2129 u.

170 2173 231 2238 922
252 2191 322 2238 cum
345 2193 375 2239 n.
397 2175 468 2253 975,
493 2193 554 2257 quo
576 2174 726 2239 Alcmena
752 2172 880 2239 eandem
902 2172 1010 2237 urbem
1031 2166 1144 2260 τήνδε
1167 2167 1265 2236 πόλιν

169 2281 314 2365 appellat,
348 2302 427 2366 quae
446 2284 491 2350 ihi
514 2285 597 2360 θεᾶς
619 2275 793 2366 (Ἀθάνας)
815 2275 912 2357 πόλις
934 2281 1095 2347 nominata
1116 2283 1193 2347 erat.
1226 2317 1261 2328 -

169 2390 272 2456 Multa
293 2391 356 2456 alia
378 2392 506 2473 possunt
528 2389 773 2467 commemorari,
796 2388 849 2454 sed
872 2407 910 2453 ne
930 2389 1042 2471 longus
1064 2389 1132 2468 sim,
1156 2389 1265 2466 m'tt03

169 2517 266 2564 unum
297 2498 377 2564 addo
408 2500 628 2582 argumentum
661 2499 736 2581 puto
771 2497 855 2562 haud
887 2496 1101 2563 leviusonlum.
1153 2497 1264 2563 Nonne

171 2625 283 2693 censes
296 2606 474 2690 Euripidem
508 2606 729 2672 stultissimum
763 2605 905 2670 futurum
932 2605 1026 2670 fuisse
1058 2607 1196 2687 poetam,
1237 2607 1263 2671 si

169 2734 313 2782 scaenam
336 2717 401 2782 eius
426 2716 615 2800 tragoediae,
649 2734 744 2799 quam
770 2714 810 2779 ad
842 2714 998 2797 augendos
1023 2716 1054 2779 et
1079 2714 1264 2780 confirman-

169 2824 517 2891 dosAtheniensium
536 2827 570 2890 in
590 2825 672 2890 bello
687 2823 946 2907 Peloponnesiaco
967 2823 1089 2889 animos
1107 2824 1264 2907 scripsisse

170 2932 301 3010 constat,
317 2933 405 2998 ouius
418 2932 581 2998 historiam
595 2931 754 2997 Athenis
765 2931 912 2998 accidisse
923 2932 1007 2997 fama
1019 2931 1147 3011 ferebat,
1168 2949 1262 3014 quam

170 3039 329 3104 Athenis
342 3040 465 3105 theatro
477 3039 606 3104 daturus
621 3041 697 3122 erat,
718 3040 744 3104 si
756 3040 821 3105 eius
832 3040 962 3123 inquam
975 3057 1119 3104 scaenam
1131 3039 1263 3104 Athenis

169 3145 384 3212 Marathonem
406 3147 638 3212 transtulisset?
680 3147 791 3232 Itaque
812 3147 952 3230 equidem
968 3165 1030 3212 non
1045 3147 1164 3226 dubito,
1187 3147 1262 3229 quin

168 3255 195 3321 si
217 3256 375 3322 servatum
399 3256 478 3321 esset
498 3255 599 3321 totum
622 3256 839 3340 Aristophanis
862 3255 1008 3340 Byzantii
1031 3256 1260 3340 argumentum,
1310 3268 1311 3272 ’

167 3365 243 3429 haec
269 3365 302 3428 in
333 3363 393 3428 fine
420 3363 603 3446 legeremus:
638 3358 658 3450 ἡ
683 3359 782 3452 σκηνὴ
811 3365 870 3428 τοῦ
898 3356 1062 3446 δράματος
1088 3367 1193 3428 κεῖται
1219 3359 1262 3428 ἐν

108 3467 109 3470 ’
166 3463 361 3558 Ἀθήναις.
403 3472 487 3538 Nam
516 3491 598 3537 nunc
621 3491 742 3556 quoque
766 3473 915 3538 mutilum
937 3454 1156 3556 argumentum
1179 3472 1261 3539 idern
1314 3519 1316 3524 .

168 3583 289 3665 egregie
316 3581 466 3646 testatur:
500 3584 567 3645 τῶν
592 3579 651 3665 γάρ
679 3580 808 3646 παίδων
836 3578 873 3662 ἒξ
891 3575 1022 3667 ἁπάσης
1042 3580 1261 3663 ἐλαυνομένων

167 3693 223 3775 γῆς
236 3685 292 3754 ὑπ’
309 3681 508 3772 diceresne
524 3686 608 3771 ἔχων
627 3681 749 3768 αάτοδς
768 3676 871 3778 ἦλθεν
892 3683 947 3767 εἰς
962 3681 1130 3779 Ἀθήνας
1151 3681 1261 3755 κάκεῖ

167 3795 368 3886 προσφωνῶν
389 3803 460 3877 τοῖς
480 3803 578 3876 θεοῖς
601 3796 675 3880 ἔσχε
689 3793 748 3885 τὴν
762 3790 943 3886 άσφάλειαν
958 3801 1184 3885 Δημοφῶντος
1204 3803 1261 3887 τῆς

166 3901 299 3985 πόλεως
321 3910 525 3991 κρατοῦντος.

266 4018 404 4084 Tandem
418 4017 586 4101 aliquando
601 4019 670 4100 post
681 4019 810 4102 longam
824 4018 877 4084 sed
892 4019 1098 4084 necessariam
1114 4013 1261 4102 digressi-

167 4145 255 4191 onem
277 4128 405 4210 prologo
427 4127 486 4209 ipsi
508 4145 631 4208 operam
656 4127 879 4208 impertiamus.
924 4127 1029 4192 Iolaus
1042 4127 1143 4209 enim,
1175 4126 1260 4208 post·

167 4251 259 4315 quam
280 4235 313 4299 in
337 4235 460 4300 exordio
483 4237 526 4312 (u.
552 4235 665 4310 1-11)
697 4253 728 4299 se
749 4255 813 4300 esse
837 4223 939 4316 άνδρα
966 4234 1180 4321 φιλοσυγγενῆ
1208 4252 1260 4298 ex·

165 4341 276 4424 posuit,
311 4347 393 4410 mala
421 4342 524 4408 omnia
552 4343 685 4420 enarrat,
717 4362 795 4426 quae
825 4343 896 4410 inde
927 4345 966 4409 ab
989 4343 1132 4408 Herculis
1160 4342 1260 4405 morte

897 4451 900 4461 '
1043 4455 1059 4504 a
