3124 5138
838 430 874 488 ³4

306 622 384 669 mus,
427 603 529 668 Verba
549 602 630 669 onim
651 603 708 666 vta
728 600 756 667 δ’
777 596 860 684 ὑπὲρ
881 595 1004 686 μητρὸς
1024 599 1121 687 φίλης
1138 592 1274 685 Ἑκάβης
1293 591 1400 666 diocto

306 731 368 777 nou
389 712 519 794 possunt
539 711 689 794 intellegi,
712 711 773 776 nisi
787 710 976 794 Polydorum
997 710 1030 775 in
1052 727 1163 776 scaena
1183 709 1401 792 pendentem

306 821 529 904 spectatoribus
559 820 737 902 apparuisse
764 820 925 885 sumimus.
968 819 1059 884 Hanc
1085 820 1189 904 autem
1211 837 1316 885 veram
1337 836 1403 882 esse

307 930 593 1012 interpretationem
616 929 738 1012 egregie
770 929 879 1010 probat
906 947 1012 993 versus
1037 927 1225 1011 adscriptus:
1256 929 1404 1010 τριταῖον

306 1027 368 1123 ἤδη
392 1037 509 1125 φέγγος
529 1031 813 1120 αἰωροῦμιοος,
837 1037 887 1106 cui
908 1037 1017 1103 scholii
1038 1037 1138 1102 instar
1159 1035 1240 1102 addo
1261 1035 1341 1101 Poll.
1356 1035 1403 1101 IV

307 1149 379 1214 131:
415 1141 537 1230 αἰώρας
568 1139 638 1210 dds
665 1140 774 1224 εἴποις
799 1141 880 1223 τούς
907 1142 1029 1224 κάλως,
1064 1139 1101 1210 οἳ
1124 1138 1336 1230 κατήρτηποιι
1364 1141 1402 1224 ἐξ

305 1251 414 1340 ὕψους
434 1247 558 1336 ἀνέχειν
578 1250 668 1332 τούς
696 1253 762 1320 ἐπὶ
791 1257 858 1320 τοῦ
880 1245 994 1338 ἀέρος
1018 1252 1215 1340 φέρεσθαι
1240 1254 1403 1320 δοκοῦν-

305 1388 373 1442 τας
399 1359 500 1454 ἥρως
524 1359 546 1454 ἢ
570 1359 700 1442 θεούς.
738 1365 807 1430 Hoc
833 1365 937 1430 autem
965 1364 1085 1448 pugnat
1114 1381 1184 1429 cum
1211 1364 1310 1446 primo
1332 1381 1403 1445 pro-

305 1474 370 1558 logi
401 1475 550 1540 vocabulo
580 1466 648 1562 ἥκω
684 1473 876 1555 maximeque
912 1491 982 1538 cum
1018 1472 1119 1547 perbis
1150 1491 1179 1539 v.
1202 1473 1257 1538 52:
1290 1471 1404 1557 γεραιᾷ

306 1581 335 1646 δ’
358 1577 537 1648 ἐκποδών
557 1577 797 1670 χωρήσομαι.
831 1582 940 1664 Neque
960 1581 1072 1646 desunt
1094 1581 1157 1648 alia
1178 1581 1321 1664 quemvis
1342 1579 1405 1646 mi·

308 1709 383 1756 nora
405 1691 654 1775 interpolationis
677 1691 802 1756 indicia.
843 1689 905 1756 Cur
926 1690 1052 1756 tandem
1068 1689 1240 1773 Polydorus
1261 1690 1327 1754 tam
1349 1705 1404 1754 ac-

307 1801 413 1866 curate
435 1801 627 1882 pronuntiat,
657 1819 729 1883 quo
749 1801 917 1882 tempore
939 1799 1122 1866 interfectus
1143 1799 1207 1864 sit?
1250 1798 1334 1865 Satis
1356 1798 1405 1864 eet

306 1908 383 1974 scire
411 1910 597 1992 spectatores
625 1911 815 1994 Polydorum
843 1911 913 1992 post
945 1909 1070 1975 Troiam
1100 1908 1222 1991 captam
1258 1907 1403 1974 necatum

308 2036 380 2092 esse,
417 2014 498 2102 quod
521 2019 585 2101 ipse
606 2019 683 2084 dicit
704 2039 733 2086 y.
756 2021 794 2084 21
818 2038 863 2102 sq.
906 2019 1017 2084 Nonne
1042 2018 1168 2100 insuper
1191 2017 1268 2084 satis
1296 2016 1403 2098 inepta

306 2127 353 2190 est
374 2145 409 2192 ea
431 2146 491 2210 qua
514 2129 614 2193 utitur
636 2130 784 2210 temporis
806 2127 968 2194 definitio?
1009 2127 1173 2193 Praeterea
1199 2126 1292 2193 verbe
1317 2123 1400 2206 σῶμ’

307 2227 477 2318 ἐρημώσας
499 2230 577 2316 ἐμόν
599 2255 660 2300 non
676 2223 842 2302 ostendunt
857 2234 1044 2318 elegantiam
1059 2233 1274 2316 lluripideam3
1295 2223 1401 2298 οἷΐοοιο

308 2343 518 2426 dependente
543 2344 694 2428 Polydoro
719 2344 799 2408 male
828 2343 947 2408 dictum
971 2343 1031 2423 est3
1062 2360 1160 2426 neque
1185 2342 1233 2408 uti
1261 2341 1403 2410 solebant

305 2453 420 2536 tragici
442 2453 474 2517 in
496 2453 646 2518 trimetris
667 2453 770 2518 soluta
790 2452 881 2518 buius
903 2452 989 2518 verbi
1003 2452 1102 2518 forma
1118 2470 1178 2518 uno
1194 2451 1305 2520 Aesch.
1317 2451 1403 2516 Pers.

308 2580 337 2625 v.
352 2562 414 2624 465
438 2562 602 2643 exceptoll.
647 2561 854 2642 Quamobrem
874 2579 944 2625 cum
959 2561 1113 2626 Usenerus
1127 2579 1156 2628 v.
1173 2561 1298 2626 30-34
1310 2560 1404 2625 nuri·

230 2683 233 2688 ’
306 2669 371 2750 pidi
403 2669 641 2748 abiudicarerit‚
673 2689 730 2753 ego
753 2670 846 2736 etiam
876 2669 937 2735 duo
959 2687 1067 2734 uersus
1087 2669 1302 2752 praecedentes
1325 2686 1401 2732 num

306 2778 433 2861 genuini
446 2779 510 2842 sint
524 2779 745 2852 valdednbito.
775 2778 1029 2844 Molestissimum
1048 2778 1130 2844 enim
1145 2779 1192 2842 est
1211 2777 1404 2862 Polydorum

306 2888 339 2952 in
362 2906 472 2953 scaena
494 2889 684 2969 praesentem
707 2887 821 2954 dicere:
846 2891 956 2969 κεῖμαι
977 2887 1005 2951 δ’
1029 2885 1081 2952 ἐπ’
1104 2877 1206 2971 ἀκτῆς
1226 2906 1282 2970 pro
1303 2880 1342 2950 τὸ
1366 2882 1404 2950 δὲ

306 2989 401 3078 σῶμά
426 3019 491 3079 μου
518 2999 632 3060 κεῖται.
675 2997 814 3078 Apparet
836 2998 942 3062 autem
968 2996 1076 3062 fictum
1099 3015 1163 3062 esse
1188 2996 1292 3062 totum
1317 2995 1402 3060 hunc

306 3108 408 3171 locum
440 3107 479 3171 ab
499 3105 710 3184 histrionibus,
744 3124 814 3170 cum
842 3125 985 3172 scaenam
1012 3105 1157 3172 Hecubae
1184 3103 1403 3170 immutarent:

307 3214 469 3297 Euripides
489 3214 679 3297 Polydorum
709 3215 742 3278 in
767 3233 910 3280 scaenam
937 3213 1133 3297 procedere
1158 3213 1269 3292 voluit,
1300 3213 1349 3278 illi
1368 3211 1404 3276 in

307 3341 417 3389 scaena
439 3321 609 3405 pendere,
637 3324 673 3388 ut
692 3323 769 3388 dum
790 3323 953 3406 prologum
975 3321 1130 3401 recitaret,
1153 3322 1300 3388 Hecubae
1322 3313 1405 3407 φάν-

307 3453 413 3513 τασμα
435 3432 605 3513 appareret.
649 3433 766 3496 Tamen
780 3432 947 3514 pessimum
964 3451 992 3498 r.
1010 3433 1051 3496 32
1072 3431 1179 3514 postea
1200 3431 1324 3496 demum
1346 3429 1405 3495 ad-

308 3540 410 3604 ditum
433 3548 516 3622 puto,
539 3541 575 3604 ut
603 3541 684 3606 clare
706 3540 789 3606 dicta
812 3541 905 3606 etiam
931 3540 1062 3606 clariora
1086 3540 1202 3605 fierent.
1224 3575 1265 3584 —
1287 3538 1404 3604 Cadere

308 3647 412 3712 autem
436 3666 505 3712 cum
528 3648 591 3714 illis
613 3649 751 3715 versibus
773 3649 868 3714 etiam
890 3649 930 3712 54

470 3745 717 3839 >Αγαμιέμοονος,
741 3749 915 3843 φάντασμα
936 3754 1133 3839 ‹leonori-novo¹
1158 3748 1239 3838 ἐμόν

307 3865 358 3929 vir
379 3882 454 3949 opus
476 3867 523 3932 est
541 3863 706 3948 monere²)‚
737 3866 891 3948 simulque
912 3885 948 3931 ea
969 3866 1126 3932 evanescit
1146 3863 1325 3940 difficultas,
1348 3880 1405 3929 cur

309 4041 507 4052 *-

408 4132 435 4202 1)
454 4135 494 4186 At
512 4132 585 4188 Med.
603 4133 689 4189 habet
707 4133 761 4200 tuo'
780 4133 798 4186 i.
818 4149 840 4188 e.
860 4135 923 4200 i'po’.
959 4133 1036 4204 Ergo
1055 4134 1140 4189 etiem
1157 4133 1203 4188 hic
1220 4134 1297 4189 locus
1320 4151 1403 4204 repu-

306 4247 394 4300 gnans
412 4231 558 4285 evanescit.
729 4233 756 4298 2)
775 4231 857 4287 Hunc
874 4249 985 4301 quoque
1003 4245 1114 4288 versum
1132 4231 1237 4288 delevit
1255 4229 1405 4287 Usenerus.

306 4325 383 4379 Idem
400 4330 495 4380 monet
512 4345 538 4382 v.
557 4328 591 4381 29
611 4320 700 4386 ἄλλοις
716 4345 767 4398 pro
787 4330 897 4386 πολλοῖς
915 4328 1091 4384 scribendum
1111 4345 1178 4382 esse.
