3170 5134
706 459 741 516 66

178 633 316 718 locastae
337 650 446 714 graves
468 632 571 713 partes
588 623 714 709 tribuit,
737 629 813 712 quin
829 630 923 695 ctiam
937 630 1078 696 locastae
1093 650 1155 697 non
1168 632 1271 698 minus

179 760 271 824 quam
286 740 420 804 Eteoclis
434 741 465 804 et
479 739 636 823 Polynicis
657 739 813 822 tragicam
828 741 958 804 mortem
982 739 1135 817 videmus3
1160 741 1270 807 neutra

178 868 306 931 persona
327 848 360 913 in
376 848 520 932 Aeschyli
542 847 650 914 fabula
666 847 811 913 Thebana
833 850 971 930 apparet.
1004 849 1073 914 Iam
1095 842 1272 915 111111111-

178 959 262 1042 pides
284 959 317 1022 in
336 957 472 1041 prologis
494 956 682 1039 spectatores
705 955 743 1020 de
763 975 866 1021 earum
888 945 1087 1039 personarum
1102 957 1176 1023 fatis
1192 976 1271 1040 quae

177 1066 336 1150 graviores
357 1067 459 1148 partes
480 1067 579 1148 agunt
602 1065 745 1130 certiores
771 1065 872 1130 facere
894 1066 991 1131 soleat
1000 1065 1030 1148 ¹),
1065 1066 1176 1132 hocin
1200 1085 1271 1148 pro·

176 1175 249 1259 logo
271 1193 333 1240 non
354 1175 454 1239 solum
476 1173 513 1238 de
534 1173 658 1238 Eteocle
680 1175 711 1238 ct
732 1173 888 1258 Polynice,
914 1175 966 1239 sed
989 1174 1082 1240 etiam
1104 1175 1140 1240 do
1155 1175 1270 1258 Oedipo

177 1286 208 1349 et
229 1284 353 1350 Iocasta
375 1281 529 1347 disseruit.
572 1281 660 1362 Quod
682 1283 737 1366 qui
759 1284 868 1348 melius
893 1283 925 1347 et
953 1283 1066 1350 clarius
1092 1283 1158 1348 fieri
1179 1285 1271 1367 potu-

176 1391 246 1472 erit,
268 1411 361 1476 quam
382 1392 419 1455 ut
440 1389 812 1475 1111111ττρολορίζοοσα
831 1411 952 1457 omnem
964 1392 1072 1474 Oedipi
1090 1393 1121 1457 et
1135 1392 1271 1458 filiorum

177 1502 243 1567 eius
274 1500 437 1566 historiam
470 1520 567 1584 usque
599 1500 638 1566 ad
671 1498 768 1583 ipsius
798 1501 977 1585 tragoediae
1007 1501 1133 1565 initium
1165 1502 1271 1568 ordine

177 1611 300 1676 enarret
321 1611 363 1688 (1.
377 1609 522 1690 10-63),
544 1628 601 1693 ego
623 1628 684 1675 non
705 1609 802 1675 video.
845 1611 956 1693 Itaque
976 1609 1009 1673 in
1023 1611 1129 1675 nostro
1143 1611 1272 1694 prologo

177 1719 338 1801 Euripides
359 1719 441 1786 idern
465 1719 549 1798 fecit,
584 1720 664 1801 quod
686 1719 719 1784 in
742 1719 866 1795 ceteris;
901 1719 959 1785 hcc
980 1737 1077 1784 unum
1105 1719 1272 1785 conceden-

178 1829 252 1894 dum
274 1829 319 1894 est
341 1827 464 1910 singula
485 1827 589 1910 paullo
605 1829 727 1893 brevius
742 1829 880 1893 enarrari
894 1827 1039 1910 potuisse.
1062 1827 1269 1892 Praemissum

179 1938 283 2002 autem
304 1937 351 2002 est
373 1935 544 2001 narrationi
564 1937 721 2001 exordium
741 1934 779 2000 de
799 1934 906 2017 Oedipi
926 1936 1096 2001 maioribus
1110 1937 1153 2016 (1.
1167 1933 1271 2016 1-49),

179 2045 333 2111 subiectae
354 2046 427 2109 sunt
449 2045 588 2111 locastae
610 2063 714 2128 preces
736 2063 791 2127 pro
814 2045 981 2110 liberorum
1003 2045 1103 2110 saluto
1125 2045 1168 2127 (1.
1189 2048 1272 2112 84-

180 2155 242 2234 87).
278 2191 320 2200 -
356 2153 468 2218 Paucis
505 2153 666 2235 adspersns
704 2155 751 2218 est
785 2145 930 2236 prologus
964 2156 1067 2220 noster
1102 2155 1272 2239 interpola·

179 2263 331 2340 tionibus;
374 2282 452 2345 quae
485 2281 590 2328 ornnes
619 2263 699 2328 hanc
730 2263 769 2327 ob
798 2281 923 2328 causam
954 2262 1092 2328 intrusae
1121 2264 1205 2342 sunt,
1237 2265 1273 2329 ut

181 2391 258 2456 quae
288 2373 426 2439 omisisse
456 2372 619 2437 videbatur
644 2373 735 2454 poeta
762 2372 811 2437 vel
839 2391 901 2436 non
930 2371 1006 2437 satis
1028 2373 1132 2454 aperte
1153 2391 1273 2456 expres·

180 2481 262 2560 sisse,
284 2481 375 2566 plane
395 2481 543 2563 pleneque
563 2481 747 2546 dicerentur.
789 2480 897 2545 Veluti
920 2501 949 2545 v.
971 2483 1010 2546 27
1033 2480 1154 2546 addidit
1176 2481 1273 2546 inter·

179 2590 309 2672 pclator,
331 2589 413 2672 quod
434 2609 545 2654 nomen
568 2589 684 2671 Oedipi,
709 2609 737 2653 1.
751 2589 801 2668 51,
824 2589 906 2671 quod
928 2608 1059 2672 regnum
1081 2590 1156 2674 eius,
1179 2592 1271 2670 160,

179 2697 260 2781 quod
283 2699 455 2764 subiectum
473 2699 683 2774 desiderabat,
708 2698 762 2762 hos
784 2698 916 2780 explosit
931 2699 1179 2765 Valckenacrius.
1221 2699 1271 2766 si-

180 2808 263 2873 milis
292 2809 339 2872 cst
366 2827 395 2874 v.
425 2809 463 2872 11
496 2807 634 2872 condicio
661 2806 863 2872 aDindorlio
892 2806 1047 2873 damnati:
1083 2809 1269 2874 vocabulum
1303 2822 1307 2829 ·

178 2919 255 2998 μιᾶς
276 2917 406 2983 absurde
430 2917 613 2999 usurpatum
636 2917 666 2980 ct
689 2916 781 2982 verba
803 2915 937 2981 Eteoclis
959 2935 987 2982 1.
1011 2917 1071 2981 691

352 3049 498 3132 Κρέοντ’,
521 3040 663 3135 ἀδελφὸν
685 3043 807 3134 μητρὸς
827 3041 987 3134 Ἰοκάστης
1009 3044 1099 3137 ἐμῆς,

180 3207 239 3270 quc
260 3186 328 3252 loco
351 3185 447 3252 Orcon
469 3185 603 3267 primum
626 3186 893 3264 commemoratur,
916 3184 1107 3268 suppositum
1123 3202 1271 3272 1111111-

178 3293 244 3376 logi
270 3310 393 3357 versum
419 3291 565 3356 clamant.
601 3327 640 3336 -
673 3290 732 3356 Sed
754 3291 872 3357 duobus
894 3292 980 3371 locis,
1009 3293 1120 3375 quihus
1141 3293 1272 3358 Valcke-

179 3402 302 3467 naerius
323 3399 431 3478 haesit,
453 3401 528 3482 puto
550 3401 644 3465 etiam
669 3401 746 3466 alios
768 3419 874 3466 versus
902 3420 963 3466 una
993 3419 1056 3466 esse
1088 3400 1270 3468 abiciendcs.

179 3510 226 3574 Ac
246 3510 382 3592 primum
403 3508 528 3591 quidem
548 3509 667 3600 damno
683 3528 712 3573 1.
735 3511 775 3574 26
915 3507 919 3511 ’

343 3642 479 3728 σφυρῶν
500 3641 616 3725 σιδηρᾶ
637 3641 752 3726 κέντρα
776 3642 946 3728 διαπείρας
965 3643 1109 3727 μέσωνθ)

178 3780 302 3861 propter
330 3778 457 3843 verbum
486 3775 681 3864 ὁιαοείρειν,
713 3778 795 3860 quod
825 3777 906 3860 apud
935 3780 1117 3860 posteriores
1147 3779 1270 3844 demum

178 3886 343 3968 scriptores
366 3884 463 3966 (Plut.
487 3884 594 3949 Artax.
618 3885 666 3949 14.
691 3884 886 3968 Alciphr.IV
900 3885 1027 3970 36111.)
1050 3885 1175 3970 legitur.
1211 3885 1271 3952 Sed

181 4058 378 4086 ——-‘-r-

280 4153 307 4224 1)
328 4153 368 4208 Oi.
387 4155 517 4224 prologos
536 4111 690 4224 Hippolyti,
708 4153 845 4223 Herculis,
864 4153 1002 4224 Hecubae,
1021 4155 1106 4212 lonis.

276 4252 305 4320 2)
324 4250 370 4306 Sic
391 4251 481 4307 scribo
503 4268 555 4320 pro
579 4253 677 4322 μέσον,
706 4251 780 4320 qnod
797 4254 909 4321 praeter
928 4251 987 4306 cod.
1007 4252 1092 4308 Marc.
1113 4271 1207 4308 omnes
1225 4271 1269 4308 cx·

179 4346 283 4401 hibent.
322 4347 354 4400 In
372 4347 458 4404 Marc.
477 4353 617 4418 postrema
636 4348 742 4417 syllaba
761 4347 880 4402 evanuit.

1055 4444 1072 4496 5
