3124 5138
714 489 748 542 49

184 660 276 726 ineat.
320 659 428 743 Neque
449 660 533 726 reete
555 658 673 724 dietum
697 659 743 724 est
765 656 869 722 λείπω
891 651 928 722 τά
945 647 1184 738 κλεινὸνἼλιον,
1208 645 1278 724 oum

184 767 347 850 Neptunus
367 767 548 851 processerit
569 760 676 831 λιπών
699 759 846 850 Αἴγαιον
867 761 1012 849 άλμερὸν
1040 759 1163 847 fluidos:
1195 767 1278 831 reote

185 877 297 958 Apollo
319 875 486 942 Alcestidis
508 896 537 942 u.
560 877 616 972 23:
648 873 754 939 λείπω
783 869 961 958 μελάθρων
992 875 1094 939 τῶνδε
1122 868 1280 962 φιλτάτην
1389 942 1393 950 ,

184 984 305 1070 στέγην.
349 983 465 1052 Contra
487 986 561 1050 bene
583 1004 614 1050 se
641 985 743 1059 habet,
776 985 859 1068 qood
886 984 962 1050 dioit
984 984 1147 1067 Neptunus
1172 1004 1202 1050 v.
1221 986 1277 1049 45:

183 1084 263 1171 ἄλλ’,
301 1079 424 1158 οὔποτ’
448 1083 635 1174 εὖτοχοῦσα,
662 1071 773 1177 χαῖρέ
792 1117 860 1177 μοι,
889 1086 995 1170 πόλις.
1039 1095 1151 1158 Versus
1174 1095 1276 1158 autem

111 1263 113 1268 .
184 1205 234 1268 26.
257 1201 297 1266 27
319 1202 398 1267 nihil
419 1201 530 1267 habere
551 1201 663 1283 poetici
686 1202 796 1266 eoloris
811 1221 899 1266 nemo
915 1202 1055 1285 negabit:
1079 1221 1203 1284 prorsus
1218 1202 1278 1268 fal-

184 1331 252 1376 sum
274 1312 306 1376 et
325 1311 464 1393 ineptum
486 1311 533 1374 est
553 1311 713 1392 τιμᾶσθαι
728 1308 856 1390 θέλει,
880 1310 967 1376 euius
989 1311 1056 1376 loeo
1077 1309 1209 1392 τιμᾶται
1230 1291 1304 1376 di!

184 1419 314 1486 sendum
337 1421 411 1486 erat.
449 1419 534 1486 Mala
555 1419 654 1502 igitur
676 1419 889 1503 dittographia
904 1421 977 1484 sunt
991 1439 1020 1485 v.
1033 1420 1156 1484 23-27
1173 1438 1277 1485 eorum

184 1549 336 1604 versuum,
371 1529 425 1611 qui
448 1521 488 1592 in
502 1527 563 1592 fine
583 1527 704 1611 prologi
724 1527 886 1611 leguntur:
920 1529 1120 1611 quamobrem
1142 1528 1277 1594 maxima

184 1658 255 1705 oum
277 1636 463 1704 confidentia
484 1636 578 1702 deleo.
623 1637 730 1704 Denuo
744 1637 868 1703 tollitur
882 1637 967 1702 loeus
982 1638 1154 1703 eommunis
1172 1656 1188 1702 e
1208 1657 1278 1720 pro-

183 1747 256 1829 logo
287 1745 459 1828 lluripideo‚
494 1765 522 1810 ι.
550 1746 600 1809 26.
628 1745 678 1810 27.
715 1781 754 1792 -
789 1745 884 1811 Reate
905 1746 943 1810 N.
973 1746 1008 1810 u.
1035 1745 1080 1812 St.
1102 1746 1133 1810 Π
1163 1733 1192 1828 p'.
1218 1747 1276 1811 135

185 1852 257 1918 adn.
280 1854 380 1918 versui
403 1854 443 1918 35

373 1960 488 2048 Ἑλένη,
513 1963 698 2045 νομισθεῖσ’
723 1955 930 2045 αἰχμάλωτος
951 1961 1083 2041 ἐνδίκως

186 2070 307 2137 obelum
339 2070 493 2154 praefixit3
536 2071 626 2136 fluxit
656 2071 731 2138 haee
763 2072 962 2154 interpolatio
993 2091 1008 2138 e
1042 2093 1070 2138 v.
1097 2074 1167 2139 872.
1218 2073 1278 2140 Sed

178 2180 304 2246 'restant
336 2179 464 2260 maiora,
497 2199 576 2263 quaa
607 2180 723 2264 fugisse
754 2180 836 2246 viros
868 2179 974 2246 dootos
1007 2200 1068 2247 non
1100 2181 1177 2280 satis
1209 2199 1279 2264 pos-

184 2307 252 2355 sum
283 2289 399 2354 mirari.
444 2287 618 2354 Audiamus
647 2308 726 2371 quae
758 2289 873 2356 soholia
901 2309 930 2355 v.
953 2291 994 2355 36
1020 2290 1189 2356 rectissime
1211 2309 1279 2356 mo·
1401 2375 1404 2386 ι

184 2397 273 2462 nent:
303 2384 439 2478 άμεινον
464 2383 502 2481 ἢν
527 2388 595 2461 άπὸ
619 2399 685 2461 τῶν
707 2392 906 2481 πραγμάτων
932 2391 1139 2482 παράγεσθαι
1162 2389 1277 2482 ὀδυρο-

186 2504 284 2590 μένην
321 2499 362 2567 τά
399 2499 555 2586 παρόντα.
599 2499 684 2572 otto
714 2505 772 2591 γάρ
801 2500 840 2570 dv
866 2501 884 2595 ἡ
909 2504 1072 2592 τραγῳδία
1097 2503 1135 2572 τά
1162 2502 1277 2586 πάθος

185 2603 262 2699 εἶχε,
294 2615 352 2676 νῦν
373 2611 409 2679 δὲ
432 2616 566 2700 ψυχρῶς
590 2617 637 2701 τῷ
658 2609 792 2700 θεάτρῳ
821 2615 1096 2699 προσάιαλέγεται.
1140 2616 1277 2682 Putasne

184 2741 217 2786 ro
238 2739 311 2788 vera
332 2722 520 2805 Euripidem,
556 2717 795 2806 τραγικώτατον
821 2725 954 2806 poetam,
986 2728 1054 2790 tam
1083 2723 1152 2789 rudi
1185 2724 1276 2790 modo

184 2831 408 2914 spectatoribus
430 2832 590 2897 Heoubam
614 2830 801 2896 ostendisse?
844 2830 1078 2897 Gonoedendum
1106 2833 1152 2898 est
1181 2833 1278 2914 pluri-

184 2957 251 3006 mos
273 2940 430 3023 Euripidis
462 2940 605 3024 prologos
637 2940 677 3006 ad
703 2940 859 3006 theatrum
886 2941 1080 3024 potissimum
1110 2941 1276 3024 pertinere;

185 3049 219 3114 at
239 3049 356 3130 alloqui
377 3049 564 3131 spectatores
587 3049 762 3114 comoediae
783 3049 838 3128 est,
870 3068 931 3114 non
961 3049 1149 3132 tragoediae,
1182 3067 1279 3132 neque

185 3157 284 3221 ullum
305 3157 339 3221 in
354 3157 495 3233 omnibus
518 3156 653 3239 prologis
676 3156 772 3222 nostri
795 3156 896 3221 simile
917 3151 1046 3239 ieperies
1068 3157 1239 3238 exemplum
1248 3160 1278 3236 ιγ,

185 3263 244 3330 Sed
266 3264 388 3330 utinam
409 3283 484 3329 sana
502 3265 582 3330 esset
602 3265 677 3329 haee
701 3265 912 3347 compellatio!
955 3264 1114 3347 Duplioem
1137 3265 1279 3330 exhibent

186 3372 304 3438 oodioes
326 3373 502 3439 lectionem:
532 3373 617 3455 prior
638 3374 745 3438 elassis
764 3367 898 3459 Ἑκάβην
919 3373 1117 3458 κειμένην-
1133 3372 1278 3453 χέουσαν,

185 3482 335 3564 posterior
353 3475 470 3567 Ἑκάβη
490 3480 618 3566 κειμένη
640 3519 682 3528 -
702 3479 848 3563 χέουσαι·
870 3483 1006 3566 ineptam
1029 3502 1092 3547 esse
1114 3484 1279 3564 utramque

186 3590 336 3656 neminem
360 3593 434 3674 puto
457 3592 567 3691 fugiet.
613 3592 678 3658 Iam
703 3593 729 3658 si
750 3592 882 3675 legimus
904 3611 933 3656 r.
955 3593 994 3656 38
1019 3585 1140 3673 δάκρυα
1161 3589 1280 3671 χέουσα

186 3691 293 3761 πολλὰ
313 3697 366 3762 καλ
387 3698 519 3764 πολλῶν
532 3693 624 3782 ὅπερ,
649 3698 820 3764 necessario
836 3699 1054 3780 exspectamus,
1076 3700 1112 3763 ut
1127 3698 1279 3763 sententia

186 3826 264 3890 quae
288 3807 428 3889 sequitur
453 3807 584 3873 relativa
606 3827 716 3873 oausae
737 3807 937 3872 lacrimarum
959 3805 1105 3871 Hecubae
1127 3825 1281 3889 exponan-

186 3915 252 3979 tur:
275 3915 309 3980 at
329 3915 429 3981 iustae
449 3934 560 3982 causae
574 3914 720 4002 φροῦδος
734 3913 885 3998 Πρίαμος
900 3913 954 3978 καὶ
974 3904 1100 3998 eseam)
1122 3915 1280 3980 adduntur

287 4173 314 4244 1)
332 4173 472 4244 Proxime,
500 4177 548 4230 sed
567 4176 651 4246 longo
670 4176 830 4244 intervallo,
858 4176 966 4231 aocedit
991 4175 1051 4230 [λεί.
1075 4177 1088 4227 l
1108 4162 1207 4227 Νείλου
1225 4171 1281 4243 μὲν
1316 4141 1318 4146 ¹

185 4269 246 4324 olda
264 4264 475 4340 καλλιπάρθενοι
495 4273 565 4342 ῥοαί.
584 4271 701 4342 Meleag.
720 4272 776 4342 frg.
793 4274 856 4326 519:
877 4271 1010 4327 Korouda
1027 4272 1083 4344 μὲν
1101 4266 1149 4338 ἥδε
1165 4275 1239 4338 γαῖα.

286 4367 315 4436 2)
334 4366 373 4421 cf.
392 4367 458 4423 Ηεο.
479 4369 540 4424 161.

1014 4460 1016 4466 ’
1064 4467 1082 4520 4
