3170 5134
639 478 766 530 ·89

201 665 269 712 rum
289 647 419 714 alteram
442 649 549 714 seriem
573 649 710 728 adderet,
732 649 794 714 iam
818 667 920 730 supra,
943 666 1013 712 cum
1036 647 1074 712 de
1095 668 1123 712 v.
1148 647 1295 712 112.113

201 774 333 838 agerem,
364 757 580 823 demonstravi.
625 759 727 840 Atque
748 757 843 822 etiam
866 756 920 820 alii
941 755 1002 822 loci
1024 775 1085 820 non
1113 755 1296 821 manserunt

201 863 321 929 intacti.
365 863 442 930 Cum
463 865 567 930 autem
588 865 639 930 hic
660 865 857 947 potissimum
884 864 1030 946 prologus
1056 862 1293 928 difficultatibus

132 957 138 968 ’
200 973 326 1050 scateat,
350 973 407 1037 etsi
428 973 592 1038 nonnullas
614 973 731 1038 solvere
752 991 812 1038 non
828 973 904 1038 satis
917 991 1049 1055 possum,
1072 973 1177 1036 tamen
1190 973 1292 1036 totum

185 1081 271 1146 -inde
295 1081 333 1146 ab
354 1081 445 1147 initio
467 1083 666 1164 interpretari
688 1083 831 1148 conabor.

299 1191 428 1256 Nullam
450 1192 574 1256 omnino
596 1190 814 1256 difficultatem
834 1191 981 1273 praebent
995 1208 1023 1255 u.
1037 1190 1175 1263 49-52;
1198 1196 1296 1270 neque

199 1300 232 1363 in
255 1319 291 1365 ea
313 1319 391 1383 quae
412 1300 552 1382 sequitur
574 1299 727 1364 sententia

348 1411 450 1496 Ιδειναὶ
471 1431 499 1496 δ’
521 1421 656 1495 ἀπειλαὶ
677 1430 730 1496 καὶ
751 1429 820 1494 κατ’
841 1421 988 1516 αλλήλων
1009 1429 1111 1516 φόνος

349 1539 526 1625 ξυνίσταθ’,
549 1535 639 1618 ὅστις
659 1535 704 1623 μὴ
726 1535 821 1621 λάβοι
842 1538 899 1628 ’τὴν
918 1539 1097 1622 παρθένον,

199 1677 257 1740 etsi
277 1677 371 1741 cerba
395 1677 598 1742 audacissime
623 1677 730 1741 iuncta
759 1677 841 1754 sunt,
875 1676 1069 1741 haerendum
1090 1694 1154 1740 esse
1180 1673 1293 1739 iudico.

200 1783 283 1848 Nam
309 1802 379 1850 cum
399 1785 468 1846 κατ’
490 1775 638 1870 αλλήλων
661 1784 745 1848 idem
770 1784 813 1848 sit
838 1784 920 1867 quod
949 1777 1016 1848 ὑπὸ
1042 1781 1187 1863 θατέρου
1213 1775 1294 1843 κατὰ

200 1891 354 1976 θατέρου,
376 1893 467 1960 facile
481 1894 636 1976 applicare
650 1893 765 1975 poteris
790 1885 881 1969 ὅστις
902 1887 946 1976 μὴ
969 1887 1063 1974 λάβοι
1084 1887 1142 1977 τὴν
1165 1886 1293 1971 παρθέ-

201 2025 263 2066 νον.
299 2037 338 2048 -
370 2003 408 2066 V.
430 2003 470 2067 57
497 2001 750 2067 Hemstorhusius
780 2021 834 2084 pro
867 2002 985 2066 tradita
1015 2001 1147 2066 lectione
1178 1988 1294 2080 ἄριστα

199 2113 335 2194 glossam
356 2113 584 2196 Hesychianam
606 2113 781 2193 ἄθραυστα
802 2131 837 2176 ex
857 2113 925 2194 lph.
949 2111 1022 2175 Aul.
1051 2110 1181 2192 petitam
1203 2107 1295 2172 resti-

199 2221 347 2286 tuendam
368 2241 431 2286 esse
453 2222 586 2304 putavit.
631 2221 690 2286 Sed
713 2222 748 2284 nt
769 2222 889 2286 taceam
916 2221 954 2285 dc
983 2220 1076 2285 dubio
1106 2220 1163 2284 hoc
1191 2237 1295 2283 emen-

122 2378 125 2382 .
201 2329 294 2394 dandi
317 2348 435 2412 genere,
468 2329 546 2393 mihi
572 2348 670 2412 neque
697 2329 797 2394 forma
825 2327 976 2400 vocabuli,
1009 2346 1080 2392 cunr
1105 2313 1295 2406 ἄθραυστος

199 2440 377 2520 exspectem,
410 2457 508 2520 neque
540 2438 725 2504 vocabulum
757 2438 860 2520 ipsum
888 2437 1040 2502 hocloco
1068 2436 1179 2519 placet,
1211 2434 1294 2518 quod

200 2541 345 2628 probabis
369 2546 490 2611 collatis
513 2547 587 2610 Hoc.
613 2550 660 2612 17.
695 2547 924 2612 Phoen.·1079.
954 2544 1037 2629 Cycl.
1060 2546 1130 2610 292.
1154 2580 1193 2589 —
1215 2542 1294 2636 Ani-

198 2655 368 2720 madvertit
394 2659 498 2720 autom
521 2653 722 2719 Marklandns
750 2674 819 2720 eam
845 2655 878 2718 in
907 2673 968 2738 qua
992 2672 1151 2719 versamur
1173 2651 1294 2716 senten·
1421 2658 1423 2664 ’

198 2765 277 2828 tiam
291 2764 447 2846 scripsisse
463 2744 645 2846 Euripidem
656 2764 859 2846 Aeschyleam
875 2763 1036 2829 imitatum
1050 2763 1147 2828 hancc
1174 2760 1293 2844 (Suppl.

200 2874 273 2952 364)
284 2895 291 2935 :

348 2995 500 3093 ἀμηχανῶ
523 3003 559 3070 δὲ
579 3005 633 3070 καὶ
654 2999 762 3092 φόβος
782 3007 816 3088 μ’
839 3001 908 3086 ἔχει
929 3005 1050 3091 φρένας

347 3112 464 3196 δρᾶσαί
484 3136 520 3177 τε
541 3109 585 3200 μὴ
608 3113 725 3195 δρᾶσαί
749 3137 784 3178 τε
807 3113 861 3179 καὶ
881 3109 979 3198 τύχην
1000 3109 1085 3180 ἑλεῖν
1095 3114 1128 3195 ¹).

198 3249 308 3331 ltaque
331 3251 368 3314 ut
388 3249 479 3331 plane
500 3249 711 3331 conspirarent
731 3250 814 3314 inter
836 3268 867 3314 sc
888 3249 1059 3332 Aeschylus
1081 3249 1111 3313 et
1133 3248 1295 3331 Euripides

199 3358 384 3440 particulam
405 3357 442 3421 θ’
466 3359 535 3439 post
556 3353 656 3442 τύχης
676 3379 704 3424 v.
726 3361 768 3424 56
794 3359 935 3425 inseruit.
978 3359 1045 3442 Ego
1068 3359 1145 3424 nihil
1168 3359 1295 3423 mutan-

198 3467 272 3532 dum
286 3487 350 3532 esse
365 3486 479 3544 conseo,
504 3468 651 3550 quoniam
670 3468 845 3551 EreripideS,
866 3469 893 3532 si
911 3460 951 3532 ad
965 3469 1092 3532 verbum
1106 3466 1294 3549 Aeschylum

198 3575 316 3641 imitari
337 3576 494 3654 voluisset,
516 3576 612 3640 etiam
633 3571 691 3658 τὴν
711 3569 808 3660 τύχην
830 3575 865 3640 θ’
889 3571 973 3640 ἑλεῖν
993 3575 1173 3658 scripsisset.
1209 3575 1296 3639 licet

198 3686 303 3750 autom
332 3685 462 3750 fortasse
487 3685 611 3768 longius
639 3684 809 3767 procedere.
855 3685 980 3752 Oonicio
1001 3685 1085 3750 enim
1105 3682 1293 3764 Euripidem,

198 3795 233 3858 ut
255 3793 452 3876 Aeschylum,
486 3793 568 3875 quod
596 3811 686 3874 saepe
708 3793 791 3874 lecit,
826 3793 1005 3876 castigaret,
1038 3792 1140 3858 verbis
1169 3792 1234 3856 eius
1260 3791 1292 3854 in

197 3901 355 3967 meliorem
377 3901 509 3966 formam
524 3901 657 3965 redactis
673 3920 763 3966 usum
779 3920 851 3966 esse.
880 3902 1047 3967 Nemeum
1064 3901 1145 3982 apud
1157 3900 1293 3983 Aeschy-

197 4010 263 4073 lum
284 4009 347 4073 tria
370 4009 535 4075 videantur
557 4028 630 4088 esse,
651 4009 688 4074 de
711 4010 822 4091 quibus
844 4029 896 4075 rex
917 4009 1107 4092 Argivorum
1128 4007 1294 4092 ἀμηχανεῖ,

298 4265 325 4336 1)
343 4265 551 4320 Postremorum
573 4266 723 4320 verborum
751 4269 828 4323 recte
856 4270 898 4321 est
927 4266 1122 4336 interpretatio
1150 4285 1183 4320 ee
1210 4283 1293 4334 quam

196 4359 276 4414 dedit
294 4361 372 4413 vetus
391 4359 489 4414 schol:
510 4359 621 4414 καὶτοῦ
640 4363 833 4432 συμφέροντος
851 4359 994 4429 ἐπιτυχεῖν.
