3124 5138
708 467 742 520 ts

175 639 207 704 in
228 637 428 704 celeberrimo
449 638 573 704 Danaos
593 639 771 722 fragmento
783 636 873 723 (326)
889 639 1067 705 Athenaeus
1079 640 1124 706 IV
1146 659 1175 724 p.
1194 640 1270 706 159b

174 749 207 814 et
228 747 310 814 Sext.
333 749 422 830 llmp.
445 767 475 830 p.
498 749 570 830 663,
592 750 632 812 23
663 749 795 813 tradunt
822 739 1038 832 turpissimum
1069 769 1098 814 r.
1120 752 1150 830 4,
1183 751 1270 817 Stob.

174 856 240 923 flor.
262 857 313 936 91,
330 856 351 919 4
372 855 493 920 omittit
503 853 539 936 ¹).
575 889 612 900 -
647 855 733 936 Quae
752 856 900 920 seeuntur
919 874 1015 938 usque
1036 856 1076 922 ad
1099 876 1128 921 v.
1142 859 1181 921 18
1195 859 1271 923 bene

174 964 357 1049 prooeduut3
394 981 491 1046 neque
521 963 603 1028 enim
632 963 816 1046 agitandum
842 967 918 1046 puto
948 962 1148 1046 ὲξορίζονιες
1169 985 1197 1030 v.
1221 968 1269 1043 16,

175 1073 256 1158 quod
278 1073 355 1138 satis
378 1070 657 1137 (1616611666Μ61.
679 1073 741 1136 432
762 1069 846 1154 (vide
866 1072 911 1138 ibi
933 1073 1166 1158 Weeklinium).
1211 1075 1270 1142 Sed

139 1249 145 1270 x
173 1182 287 1248 iterum
310 1181 453 1246 oriuntur
475 1179 677 1245 (111166166666
696 1199 726 1245 6.
750 1181 801 1245 19:

322 1303 466 1389 πέμπων
488 1298 574 1370 ὅπου
596 1306 653 1390 γῆς
673 1291 877 1370 aestivos&
899 1299 1089 1390 ἱδρυμένους

322 1409 467 1500 κήρυκας
484 1412 605 1495 ἐξαιτεῖ
624 1436 660 1478 τε
681 1411 841 1497 κάξείργει
861 1409 995 1495 χθονός,

322 1519 421 1591 πόλιν
442 1521 616 1607 προτιμῶν
629 1509 753 1608 ’troyae
775 1515 814 1589 οὗ
836 1519 974 1609 σμικρὰν
996 1524 1102 1612 φίλων

322 1630 446 1717 ἔχθραν
466 1631 645 1717 μεθέσθαι
668 1626 789 1713 χαὺτόν
810 1631 1006 1715 εὐτυχοῦνθ’
1028 1628 1103 1717 ἅμα.

174 1761 226 1826 616
247 1759 474 1825 eonsentientes
493 1759 587 1825 1666.
609 1760 641 1824 66
662 1759 730 1825 Ρ61.
751 1759 907 1826 Palmaris
931 1761 977 1825 666
997 1758 1122 1826 Castori
1153 1761 1272 1827 666166-

173 1870 245 1934 tura
267 1867 449 1952 προτείνων
469 1887 525 1952 pro
553 1868 728 1950 προτιμῶν
753 1850 926 1934 scribentis
970 1867 1029 1934 Sed
1051 1869 1167 1934 restare
1188 1869 1272 1935 diffi-

175 1976 306 2043 cultates
328 1979 422 2043 etiam
445 1979 472 2044 is
494 1977 651 2060 cognouit,
675 1977 729 2060 qui
747 1977 818 2060 plus
839 1995 934 2060 quam
957 1977 1051 2042 oeteri
1066 1976 1145 2042 solet
1162 1997 1272 2044 66666-

175 2104 276 2168 quere,
309 2085 499 2151 Reinholdus
531 2085 684 2150 Klotzius.
735 2085 783 2150 Ao
809 2086 944 2169 primum
979 2085 1104 2168 quidem
1136 2087 1271 2168 offendit,
1308 2174 1310 2178 .

175 2195 257 2276 quod
278 2195 465 2260 vocabulum
486 2187 635 2280 κήρυκας,
656 2194 740 2278 quod
763 2213 782 2260 6
804 2194 896 2259 uerbo
918 2191 1063 2275 πέμπων
1084 2193 1204 2278 pendet,
1225 2197 1272 2262 166

174 2303 309 2386 positum
335 2297 394 2388 sstj
423 2305 537 2370 66666
560 2303 600 2370 61
623 2296 813 2386 ἱδρυμένους
834 2303 890 2370 666
911 2303 951 2369 ad
973 2301 1093 2384 ἐξαιτεῖ
1120 2305 1272 2387 pertinere

174 2410 334 2492 uideatur3
366 2413 472 2476 tamen
494 2429 585 2489 nune,
618 2410 783 2494 postquam
804 2409 939 2474 multum
960 2409 999 2477 (16
1019 2411 1164 2503 hoeloeo
1186 2411 1272 2496 eogi-

175 2520 252 2604 tari,
275 2520 397 2585 mutare
418 2539 479 2584 non
501 2519 611 2599 ausim,
635 2519 782 2602 quoniam
804 2519 880 2585 haee
902 2518 1071 2584 diffioultas
1093 2520 1272 2586 66666661-

174 2629 294 2712 tatione
318 2627 429 2695 evitari
450 2629 560 2711 potest.
602 2628 674 2692 Diei
694 2628 799 2693 autem
819 2628 936 2711 nequit,
959 2628 1110 2710 quantum
1133 2628 1269 2711 (16666-

174 2737 282 2804 stremi
303 2757 408 2804 versus
436 2736 559 2802 criticos
581 2734 774 2802 vexaverint:
808 2753 884 2819 quos
914 2735 947 2800 in
969 2735 1100 2801 formam
1124 2735 1271 2819 Euripide

175 2847 303 2930 diguam
324 2845 463 2929 redigere
488 2845 527 2923 iis
552 2862 615 2908 non
641 2842 775 2926 contigit
804 2861 903 2948 neque
932 2863 1070 2926 unquam
1101 2844 1271 2928 eontinget‚

176 2955 322 3037 quoniam
343 2953 518 3020 infinitivus
540 2953 580 3018 ab
603 2951 757 3017 adieetiuo
780 2944 918 3034 σμικρός
939 2952 1021 3034 apud
1049 2952 1144 3017 bonos
1175 2954 1273 3035 sen'p·

175 3063 257 3126 tores
278 3061 408 3144 pendere
428 3079 490 3126 non
512 3059 623 3143 potest.
655 3057 756 3124 Nemo
779 3060 884 3125 autom
905 3061 1067 3143 quaesiuit,
1089 3079 1164 3125 num
1178 3062 1271 3126 verba

175 3170 294 3243 tradita
316 3169 422 3253 aliquo
449 3166 540 3233 modo
561 3162 703 3248 intellegi
732 3166 872 3262 possent
909 3167 976 3250 Ego
1001 3167 1083 3231 cerie
1113 3166 1270 3250 intellego,

175 3280 202 3345 61
229 3279 321 3345 modo
347 3278 469 3362 partem
500 3295 606 3342 eorum
632 3276 671 3341 ab
700 3275 923 3358 interpolatore
944 3275 1114 3358 profectam
1133 3257 1271 3342 iudioo:

177 3387 303 3468 „urbem
324 3386 611 3468 ostendenslrgos,
635 3384 744 3450 amieis
767 3383 1015 3467 praepollentem,
1040 3383 1271 3451 1666616161-

175 3497 265 3562 oitias
295 3495 449 3579 suscipere
476 3494 602 3577 possit.“
650 3492 819 3559 Τίθεσθαι
847 3494 976 3560 verbum
1003 3493 1199 3576 aptissimum
1225 3495 1272 3560 666

174 3605 431 3688 interpolatorum
453 3604 579 3688 ingenio
616 3602 668 3684 (of.
691 3603 742 3669 Or.
767 3605 807 3667 14
833 3597 980 3685 πόλεμον
1001 3601 1128 3668 θέσθαι
1148 3603 1181 3666 16
1203 3604 1271 3668 1666

173 3711 384 3797 interpolato),
407 3708 543 3796 σμικρὸς
559 3711 665 3796 φίλων
685 3713 787 3778 simile
802 3714 848 3777 est
864 3713 1082 3778 commissurae
1096 3707 1271 3798 popponem

174 3821 310 3908 πένητες
332 3823 379 3887 El.
402 3823 458 3899 37;
491 3841 589 3904 neque
611 3821 644 3886 in
668 3821 818 3887 infinitivi
844 3840 901 3887 usu
930 3825 1037 3888 oautos
1060 3823 1153 3888 fuisse
1174 3823 1272 3886 inter·
1390 3805 1392 3810 ’

275 4142 303 4213 1)
320 4143 415 4199 Etiam
437 4145 611 4200 eontrarium
634 4145 744 4199 aooidit.
782 4106 924 4198 0111666.
944 4145 1013 4198 1349
1031 4159 1093 4199 oum
1112 4142 1189 4197 Stob.
1208 4141 1269 4196 flor.
1314 4111 1318 4120 Ι

177 4237 237 4306 108,
256 4241 298 4293 12.
339 4240 453 4295 Utinam
480 4241 593 4296 tandem
622 4240 775 4310 aliquando
802 4241 832 4293 in
858 4241 930 4295 hano
958 4259 1018 4295 rem
1047 4240 1202 4296 aoouratius
1228 4239 1269 4292 in·

65 4347 73 4356 ·
176 4334 321 4400 quiraturl
