3124 5138
843 457 876 508 14

312 623 443 706 eligam:
472 622 552 690 Iolei
573 623 674 705 prime
695 624 735 690 od
759 625 1001 709 Demophontem
1024 627 1123 692 oretio
1144 628 1237 695 nnete
1265 628 1312 693 eet
1335 647 1402 694 rer·

311 732 396 798 sibus
426 731 591 797 ree-204
612 734 644 798 et
664 735 846 814 use-2313
881 735 980 801 alters
1009 737 1147 802 versibus
1177 736 1343 802 307-308
1371 739 1402 802 et

311 842 487 922 eso-328,
509 841 664 908 Mseeriee
686 843 785 910 oratio
806 844 943 910 versibus
965 845 1175 928 577-5801),
1204 865 1336 928 quorum
1356 847 1403 910 lo-

312 969 418 1016 eorum
439 951 573 1016 maxime
589 951 732 1037 ultorum,
754 952 893 1033 tertium,
916 953 1060 1037 quintum
1078 954 1211 1038 vestigio
1229 955 1401 1020 monstrare

311 1060 376 1126 eius
397 1059 517 1142 generis
538 1059 700 1138 scribendi,
733 1063 794 1143 quo'
816 1061 863 1125 uti
883 1061 1027 1127 solebant
1048 1062 1222 1142 histriones,
1254 1063 1402 1128 videbunt

311 1185 417 1233 earum
438 1186 542 1233 rerum
562 1169 664 1250 periti.
695 1201 736 1216 -
764 1168 917 1252 Prologus
938 1189 1061 1253 quoque
1082 1189 1177 1254 quens
1198 1172 1330 1236 maxime
1352 1171 1401 1236 de

310 1283 459 1358 pesveeus
481 1277 522 1342 ed
543 1278 680 1342 nostrum
704 1278 839 1344 estatem
861 1279 1014 1360 pervenit;
1035 1297 1134 1363 neque
1148 1280 1213 1346 ulle
1230 1279 1264 1345 in
1285 1298 1318 1345 re
1338 1297 1401 1344 nne·

311 1385 360 1468 gis
391 1385 613 1468 vituperandus
641 1387 688 1450 est
718 1386 871 1452 Henrious
901 1387 1064 1467 Hirzelius,
1096 1405 1191 1471 quern
1223 1388 1305 1472 quod
1336 1388 1402 1454 tem

311 1494 492 1560 temerarius
514 1529 555 1540 -
577 1513 648 1575 non,
677 1496 714 1559 ut
734 1495 800 1578 ipse
827 1495 914 1572 dieis,
937 1496 1113 1579 „ingeniose
1135 1497 1336 1564 temerarius“
1362 1529 1402 1544 -

311 1602 382 1692 unt,
413 1605 449 1668 ut
475 1621 546 1668 eum
573 1621 770 1669 numerorum
799 1603 919 1687 legibus
942 1604 1135 1689 adstringere
1157 1607 1321 1670 conaretur
1340 1623 1401 1670 uno

311 1729 401 1777 versu
422 1712 523 1778 deleto
537 1711 597 1796 (De
618 1712 691 1777 Eur.
712 1712 744 1776 in
765 1730 864 1795 eomp.
885 1712 948 1778 div.
972 1714 1041 1778 erte
1061 1733 1090 1796 p.
1102 1711 1167 1797 87).
1185 1747 1223 1758 -
1238 1712 1297 1778 Sed
1314 1713 1403 1779 ente·

312 1838 404 1904 quern
424 1820 464 1884 ed
483 1839 519 1884 ee
538 1837 617 1902 queo
631 1819 708 1884 mihi
728 1821 885 1903 preposite
903 1821 977 1886 sunt
999 1821 1142 1887 eeeedere
1159 1821 1284 1904 possim,
1307 1839 1402 1904 quee-

310 1929 371 1995 stio
392 1928 558 1995 necunde
579 1929 626 1994 est
647 1947 716 1994 eurn
739 1929 778 1995 ed
803 1930 966 2014 prologum
987 1931 1055 1995 turn
1077 1931 1117 1996 ed
1140 1932 1240 1998 totum
1262 1930 1400 1998 fabulum

310 2038 479 2120 pertinens3
509 2039 669 2121 quaeritur
692 2039 784 2118 enirn,
809 2058 871 2122 quo
892 2040 960 2106 loeo
980 2039 1142 2123 Euripides
1163 2039 1401 2106 Herseliderum

310 2165 453 2214 sonenesn
472 2165 536 2212 esee
557 2147 699 2213 voluerit.

409 2256 583 2322 Audiamus
604 2256 738 2338 primunr
760 2257 876 2322 eeteros
894 2257 1066 2340 scriptores,
1089 2258 1143 2340 qui
1164 2257 1402 2324 Hereelidarum

310 2366 377 2432 ists
399 2366 565 2430 memoriae
584 2365 792 2430 ereusuerune.
831 2365 947 2432 Anien.
970 2367 1037 2433 Lib.
1059 2386 1085 2433 e.
1106 2369 1160 2432 33:
1186 2361 1226 2433 Oi
1247 2365 1283 2432 δὲ
1302 2361 1403 2449 Ἡρα-

310 2472 434 2538 κλεῖδαι
454 2466 618 2558 φυγόντες
636 2471 721 2554 πρὸς
738 2475 946 2560 Δημοφῶντα
966 2469 1024 2539 τὸν
1040 2475 1172 2560 Θησέως
1194 2465 1322 2561 ᾤκησαν
1335 2469 1402 2563 τὴν

287 2599 291 2612 “
310 2575 549 2664 τετράπολιν
569 2584 637 2668 τῆς
657 2573 842 2668 Ἀττικῆς.
861 2579 1049 2666 Εὐρασθεύς
1064 2583 1100 2648 δὲ
1114 2583 1251 2668 πέμψας
1264 2574 1402 2667 ίίγγελον

311 2683 368 2766 είς
392 2683 564 2774 Ἀθήνας
594 2684 742 2773 πόλεμον
769 2691 924 2776 προέλεγε
952 2695 1024 2770 τοῖς
1054 2683 1259 2778 Ἀθηναίοις,
1295 2689 1324 2757 εἰ
1355 2688 1400 2778 μὴ

309 2792 386 2874 τούς
397 2792 613 2881 Ἡρακλείδας
631 2793 825 2879 §gemaene
839 2799 905 2866 κτλ.
947 2800 1038 2866 Diod.
1054 2802 1100 2867 IV
1113 2803 1165 2881 57,
1180 2803 1216 2866 4:
1236 2791 1402 2876 Ἐνοιόντες

284 2985 289 2992 η
309 2903 347 2969 δὲ
367 2905 422 2988 (so.
444 2899 476 2968 ολ
495 2899 718 2988 Ἡρακλεῖδαι)
737 2907 805 2972 τῶν
825 2897 932 2972 ἄλλων
953 2903 1085 2974 πόλεων
1105 2904 1164 2986 τὰς
1184 2901 1402 2991 ἀξιολογωτά-

309 3035 367 3092 τας
388 3012 512 3080 ἐδέοντο
533 3013 691 3095 δέξασθαι
713 3019 799 3102 σφᾶς
818 3009 938 3094 αὐτοῦς
959 3017 1137 3094 συνοίκους.
1178 3017 1351 3102 ,Μηόεμιᾶς
1364 3015 1402 3081 δὲ

310 3117 481 3209 τολμώσης
503 3118 735 3206 ὑποδέξασθαι
756 3115 854 3209 μόνον
875 3127 942 3190 τῶν
964 3116 1071 3203 ἄλλων
1090 3119 1302 3212 Ἀθηναῖοι

310 3231 548 3314 προσεδέξαντο
579 3229 657 3310 τούς
685 3227 920 3318 Ἡρακλείδας·
948 3229 1128 3321 κατῴκισαν
1158 3233 1195 3302 δὲ
1219 3227 1339 3313 αὐτούς
1361 3285 1399 3300 ..

311 3335 368 3418 εἰς
390 3336 639 3425 Τρικόρυθον
659 3336 788 3420 πόλιν,
812 3335 904 3430 ἥτις
925 3341 1009 3408 ἐστὶ
1028 3343 1097 3426 μία
1117 3347 1189 3432 τῆς
1216 3335 1401 3428 ὀνομαζο-

310 3447 436 3535 μένης
462 3443 752 3533 τετραπόλεως.
796 3448 892 3516 Μετὰ
919 3450 956 3517 δέ
980 3475 1068 3538 τινα
1077 3448 1194 3536 χρόνον
1210 3447 1402 3538 Εὐρυσθεύς

311 3553 521 3642 ἐστράτευσεν
536 3557 587 3622 ἐντ’
602 3550 723 3636 αίτοίς
739 3611 745 3624 ,
759 3607 787 3624 ..
805 3554 844 3625 Oi
865 3559 902 3625 δὲ
913 3557 1125 3646 Ἡρακλεῖδαι
1146 3557 1402 3647 βοηθούντων

310 3660 451 3744 αὐτοῖς
464 3669 541 3731 τῶν
551 3659 789 3750 Ἀθηναίων
802 3666 951 3752 ἐνίκησαν
964 3661 1402 3754 παρατάξαντὸνΕίροσθέα.

311 3963 375 4016 quo,
393 3948 426 4000 ut
442 3949 517 4000 reete
536 3945 609 4001 vidit
621 3945 782 4021 Welokerns
793 3946 899 4002 Grieet.
915 3947 999 4018 Troy.
1010 3947 1038 4004 11
1055 3966 1083 4018 p.
1098 3950 1159 4017 710,
1185 3946 1397 4004 Hereoliderum

187 4096 189 4102 ,
310 4039 455 4112 ὑποκριτὴς
472 4048 712 4112 eommemoretur,
737 4043 840 4112 probet
862 4043 935 4098 hene
957 4043 1082 4100 fabulam
1105 4043 1288 4100 histrionibus
1305 4043 1336 4128 in
1352 4041 1399 4096 de·

310 4139 381 4195 lieiis
399 4139 502 4194 fuisse?

412 4236 439 4305 1)
457 4235 490 4291 V.
508 4237 560 4290 576
577 4236 641 4306 plus
661 4254 745 4306 quem
761 4238 896 4307 ineptum,
921 4237 971 4292 sed
987 4199 1075 4294 nihile
1098 4238 1189 4294 minue
1206 4255 1224 4292 s
1241 4236 1319 4291 nullo
1337 4235 1400 4291 viro

310 4332 392 4388 dente
409 4333 606 4404 proscriptum,
624 4349 681 4390 non
697 4349 821 4392 numero.
