3170 5134
667 463 702 518 99

135 635 238 700 Andr.
259 635 299 698 42
321 654 382 718 sq:
779 634 1013 720 δειματσσμένη
1035 635 1063 700 δ’
1086 629 1147 718 ἐγώ

400 740 511 825 δόμων
533 737 693 828 πάροικον
716 742 852 821 Θέτιδος
873 741 920 822 εἰς
940 735 1118 827 ἀνάκτορον

400 845 518 916 θάσσω
540 845 609 916 τόδ’
633 850 780 930 dietarios,
802 841 842 937 ἢν
862 875 903 934 με
925 846 1054 938 κωλύσῃ
1076 853 1200 916 θανεῖν.

136 959 206 1025 Hel.
230 962 272 1025 63
294 979 353 1043 sq:
773 954 834 1024 τόν
855 953 957 1023 πάλαι
978 957 1006 1023 δ’
1028 953 1107 1041 ἐμὸν
1130 954 1232 1024 πόσιν

398 1067 526 1151 τιμῶσα
549 1067 715 1150 Πρωτέως
736 1069 846 1156 μνῆμα
867 1066 1063 1148 προσπίτνω
1085 1060 1161 1132 τόδε

399 1172 506 1256 ἱκέτις,
528 1175 569 1241 ἵν’
592 1167 685 1261 ἀνδρὶ
706 1168 792 1259 τάμὰ
815 1170 960 1262 διασώσῃ
982 1175 1065 1260 λέχη.

33 1289 41 1300 ’“
136 1286 250 1352 Bacch.
266 1286 376 1370 neq:
401 1271 446 1350 ὦν
468 1280 571 1352 οὕνεκ’
594 1277 682 1372 αὐτῷ
703 1279 785 1363 θεός
806 1281 906 1370 γεγώς
928 1284 1109 1367 ἐνδείξομαι

397 1394 498 1461 πᾶσίν
520 1417 555 1460 τε
580 1393 779 1480 Θηβαίοισιν.
801 1391 848 1473 εἰς
869 1394 897 1460 d'
919 1385 1017 1480 talpa
1037 1387 1144 1475 χθόνα

397 1495 557 1569 τάνθένδε
579 1502 722 1588 θέμενος
742 1491 779 1570 εὖ
800 1499 992 1592 μεταστήσω
1014 1498 1113 1571 πόδα.

137 1637 224 1704 Unus
245 1637 387 1704 Electrae
408 1639 556 1723 prologus
576 1639 671 1706 tertia
696 1641 785 1722 parte
807 1639 932 1705 omuino
960 1616 1100 1720 careth·
1129 1637 1234 1722 Neque

136 1747 214 1812 illud
237 1747 419 1813 miraberis:
441 1767 514 1814 uam
536 1747 675 1831 agricola
696 1747 781 1815 illins
802 1747 925 1815 fabulae
945 1748 1066 1813 nullam
1082 1746 1179 1814 aliam
1194 1748 1234 1813 ob

138 1873 263 1922 causam
285 1857 318 1920 in
340 1874 482 1922 scaenam
506 1857 620 1939 prodit,
643 1874 738 1940 quam
760 1856 796 1921 ut
816 1857 981 1941 prologum
1003 1855 1127 1936 recitet;
1159 1853 1234 1938 quid

137 1964 235 2047 igitur
251 1963 288 2031 de
309 1985 341 2030 se
361 1965 517 2047 praedicet
538 1966 660 2049 praetor
680 1965 824 2031 honestos
846 1983 916 2030 suos
937 1983 1038 2031 mores
1053 1983 1115 2030 non
1130 1962 1235 2045 hahet,

137 2075 318 2156 praesertim
350 2093 420 2139 eum
450 2074 613 2140 consilinm
644 2093 660 2139 e
691 2092 803 2140 scaena
832 2073 964 2140 abeundi
992 2091 1083 2140 versu
1112 2073 1235 2138 demum

141 2183 177 2248 78
198 2204 247 2268 sq.
280 2185 394 2267 capiat.
437 2185 499 2250 Hic
527 2185 626 2270 igitur
657 2183 743 2250 locus
773 2183 894 2267 prologi
927 2183 1062 2249 adventu
1094 2183 1237 2248 Electrae

33 2299 34 2372 j
139 2295 225 2373 quasi
261 2294 428 2376 interrupti
464 2293 619 2360 conclusio
654 2294 709 2359 est.
767 2293 826 2358 De'
844 2293 1024 2376 Iphigeniae
1057 2291 1235 2358 Aulidensis

33 2424 34 2447 ν
141 2403 271 2486 prologo
296 2403 358 2468 scio
379 2403 456 2468 satis
478 2403 632 2469 lubricum
654 2421 718 2468 esse
739 2401 905 2478 iudicium
926 2402 952 2466 si
974 2403 1079 2468 tamen
1093 2421 1136 2468 -ea
1158 2419 1237 2484 quae

140 2529 230 2593 supra
254 2511 411 2594 disputavi
441 2512 595 2595 probahis,
624 2511 781 2578 exordium
808 2511 845 2576 de
872 2511 1008 2577 Helenae
1036 2509 1236 2576 matrimonio

140 2637 235 2702 usque
257 2619 296 2684 ad
318 2640 348 2686 v.
364 2621 413 2699 71,
434 2620 567 2685 mediam
589 2621 710 2703 prologi
732 2619 852 2702 partem
874 2619 1027 2704 originem
1042 2619 1116 2685 belli
1131 2618 1235 2684 Troici

140 2729 168 2791 et
189 2748 317 2794 eausam
338 2729 519 2812 Iphigeniae
545 2728 753 2795 immolandae
775 2730 963 2794 tractantem
994 2729 1056 2794 fere
1078 2746 1173 2810 usque
1195 2726 1235 2792 ad

33 2819 34 2824 ἵ
140 2855 166 2900 v.
180 2839 242 2904 105
265 2838 416 2920 pertinere
437 2838 529 2904 dices.
572 2839 649 2904 Post
670 2839 752 2903 hunc
773 2857 895 2903 versum
918 2838 1081 2920 absumpta
1100 2836 1147 2901 est
1162 2853 1235 2900 con-

141 2946 236 3014 clusio
258 2947 389 3012 fortasse
412 2965 481 3013 cum
503 2947 605 3012 media
620 2949 708 3030 parte
729 2947 884 3013 artissime
899 2947 1074 3027 coniuncta,
1097 2945 1134 3011 de
1150 2944 1237 3011 onius

143 3056 326 3140 argumento
347 3056 417 3121 vide
438 3075 517 3140 quae
539 3076 567 3139 p.
590 3058 630 3122 96
650 3076 695 3140 sq.
717 3057 851 3140 exposui.

240 3165 440 3230 Exordium
462 3165 611 3249 prologi
633 3166 833 3249 praeparat
856 3165 1040 3230 historias
1061 3163 1099 3228 in
1114 3161 1235 3228 media

141 3276 253 3350 parte
275 3274 511 3340 enarrandas.
1101 3268 1103 3275 ’

237 3384 309 3449 Ηοσ
329 3383 396 3449 fieri
415 3383 517 3466 potest
538 3384 663 3476 triplici
678 3384 784 3449 modo:
807 3384 862 3448 aut
874 3381 1118 3466 praemittuntur
1132 3380 1235 3464 priora

143 3483 205 3556 fata
233 3511 340 3558 earum
364 3509 564 3574 personarum
591 3491 764 3575 dequibus
791 3493 937 3576 prologus
967 3491 1046 3575 agit,
1080 3488 1234 3555 interdum

144 3597 235 3666 etiam
258 3602 360 3684 gentis
383 3620 498 3681 earnm,
530 3602 587 3668 aut
607 3601 645 3666 de
666 3620 698 3667 se
723 3600 846 3684 suisque
867 3601 942 3666 fatis
964 3599 1088 3666 disserit
1107 3615 1236 3681 persona

145 3710 389 3796 προλογίζοοσα,
413 3710 593 3795 praesertim
610 3729 680 3777 cum
702 3710 775 3775 deus
798 3709 844 3776 est
865 3709 976 3790 (veluti
990 3710 1023 3775 in
1036 3707 1237 3802 Alc.,·Hipp‚,

146 3815 264 3901 Troad„
280 3821 416 3900 Bacchi,
440 3822 496 3886 aut
510 3821 537 3885 si
550 3820 632 3888 forte
646 3820 751 3886 delicit
765 3820 839 3902 apta
853 3819 983 3884 historia
998 3819 1048 3900 (ut
1062 3818 1094 3883 in
1106 3814 1237 3899 Suppli,

146 3922 261 3996 dietum
282 3929 409 4013 aliquod
430 3928 463 3993 in
484 3919 607 3996 exordio
629 3929 765 4012 ponitur.
794 3928 919 3994 Misceri
941 3945 1063 4010 quoque
1083 3943 1237 3991 nonnum·

149 4077 343 4094 'su—..na—

246 4159 271 4226 l)
289 4141 350 4212 Hoc
368 4156 460 4210 dicere
479 4156 553 4225 licet,
573 4156 625 4210 etsi
642 4159 811 4225 postremam
829 4154 911 4208 huius
929 4137 1040 4223 prologi
1052 4155 1162 4222 partem
1180 4167 1236 4204 non

149 4243 326 4323 Euripideam
352 4269 410 4308 esse
433 4251 523 4308 videri
545 4267 572 4321 p.
593 4253 626 4305 56
651 4250 741 4305 docui.
777 4249 818 4304 Ne
841 4249 991 4318 Euripides
1018 4247 1129 4318 quidem
1159 4244 1236 4300 aliud

145 4354 339 4416 pergamentum
359 4355 442 4419 atque
460 4349 645 4419 interpolator
663 4347 796 4403 hocloco
814 4351 936 4401 tractare
955 4345 1056 4414 potuit.
