3124 5138
724 475 761 531 ‘81

197 643 316 710 Priami
338 642 483 722 filiorum,
505 642 638 710 debebat
651 661 680 709 v.
693 644 728 719 33
749 641 783 708 et
804 642 915 708 noluit.
946 642 1057 710 Nonne
1077 643 1155 710 istos
1168 639 1294 722 θεατὰς

197 747 333 840 σοφούς,
350 754 386 817 ut
399 771 471 818 oum
482 752 688 834 Aristophane
702 751 795 836 (lton.
807 749 901 835 1118)
912 753 1032 837 loquer,
1053 754 1180 819 scivisse
1192 755 1292 836 putas,

197 882 276 946 qnae
306 863 460 926 Homerus
490 861 663 927 tradiderat
695 861 733 926 de
762 861 916 945 Polydoro
945 864 974 924 Y
991 862 1068 926 409:
1112 856 1232 927 οὕνεκά
1261 855 1294 926 οἱ

197 965 280 1053 μετὰ
292 968 389 1060 παισὶ
402 963 597 1046 νεώτατος
613 965 687 1035 ἔσκε
709 963 843 1052 pacoro?
867 970 928 1036 Sed
947 971 984 1034 ut
1005 971 1196 1053 ignorarent,
1219 971 1294 1054 quid

155 1061 158 1066 ⁵
196 1078 349 1146 referebat
380 1079 420 1144 ad
454 1080 608 1144 actionem
637 1078 901 1160 intellegendam?
944 1078 1080 1142 Puemm
1109 1079 1234 1161 quidem
1262 1098 1294 1144 se

197 1187 292 1252 fuisse
315 1187 472 1270 significet
496 1185 668 1270 Polydorus
689 1205 719 1251 v.
742 1187 793 1251 20.
836 1185 1001 1251 Praeterea
1027 1186 1081 1251 isti
1108 1205 1213 1252 versus
1239 1206 1294 1254 nos

166 1308 170 1324 ¹
198 1289 308 1360 docent
332 1295 522 1380 Polydorum
544 1314 563 1361 a
582 1294 708 1362 Priamo
731 1314 766 1360 er
790 1313 865 1378 agro
886 1295 1021 1360 Troiano
1043 1295 1123 1362 hanc
1152 1298 1190 1363 eb
1220 1315 1294 1364 oau-

198 1423 264 1470 sam
289 1423 353 1470 esse
374 1406 515 1484 missum,
546 1405 629 1487 quod
656 1424 744 1471 erma
770 1404 850 1471 ferre
877 1407 1012 1472 nondum
1039 1407 1149 1488 posset.
1191 1405 1295 1474 Saluti

198 1513 297 1596 igitur
320 1514 385 1578 eius
410 1513 593 1595 providebat
613 1513 767 1580 Priamus.
811 1515 856 1580 At
886 1533 987 1581 nonne
1008 1515 1066 1580 hoc
1097 1516 1199 1597 ipsum
1230 1515 1294 1580 iam

198 1622 388 1704 significavit
412 1621 596 1704 Euripides?
625 1622 727 1688 Velim
751 1622 828 1696 mihi
853 1623 1065 1704 interpreteris
1085 1620 1196 1700 δείσας
1217 1642 1246 1690 v.
1259 1625 1293 1690 6!

198 1731 239 1795 at
261 1732 287 1795 si
309 1731 437 1814 negabis
455 1732 535 1796 hano
550 1731 615 1798 rim
634 1732 682 1796 illi
696 1731 845 1798 vocabulo
864 1733 972 1811 inesse,
995 1731 1105 1798 doceat
1122 1731 1294 1798 teHcouba

198 1857 227 1904 v.
252 1841 326 1905 768:
359 1833 470 1923 πατήρ
493 1863 542 1905 νιν
563 1837 750 1932 ἐξέπεμψεν
772 1831 927 1924 ὀρρωδῶν
947 1842 1074 1904 θανεῖν.
1117 1839 1177 1906 sed
1191 1817 1294 1904 *verba

200 1948 368 2016 videamus.
412 1950 496 2016 Num
516 1949 643 2030 ingenio
664 1948 830 2029 Euripideo
853 1948 983 2031 dignum
1006 1949 1108 2031 putes,
1138 1947 1221 2030 quod
1244 1945 1296 2012 ἐκ·

200 2055 345 2139 πέμπειν
366 2059 431 2124 sine
458 2059 524 2124 ulle
550 2076 643 2124 causa
669 2058 752 2124 intre
781 2075 888 2122 novom
915 2076 1020 2122 versus
1049 2057 1098 2122 ter
1123 2057 1295 2138 repetitur?

199 2165 436 2247 Interpeletoris
460 2167 565 2232 autem
587 2167 747 2250 ingenium
770 2167 890 2249 praeter
912 2164 1102 2230 structuram
1123 2165 1201 2230 retia
1222 2183 1297 2246 pue-

200 2274 291 2340 rilem
311 2274 416 2356 prodit
439 2263 458 2339 ὃ
480 2273 545 2354 καί,
580 2274 661 2358 qued
689 2275 842 2358 quemodo
871 2274 1150 2357 interpretarentur
1179 2273 1296 2338 ueteres

198 2383 257 2466 ipsi
289 2383 482 2450 dubitarunt.
525 2381 578 2449 Sic
607 2383 689 2448 enim
722 2383 818 2449 schel.
851 2383 918 2450 ced.
950 2383 1036 2449 Pera
1071 2382 1174 2446 τοῦτο
1207 2373 1293 2446 οὕτω

200 2483 344 2578 νοήσεις·
368 2483 461 2573 ὅπερ,
484 2483 523 2554 τὸ
546 2481 629 2554 εἶναί
644 2513 686 2574 με
709 2484 869 2556 νεώτατον
896 2489 963 2556 τῶν
983 2479 1145 2578 ἀδελφῶν,
1179 2482 1300 2570 twega

199 2610 315 2683 πεμψε
342 2602 399 2688 τῆς
427 2597 498 2686 γῆς,
530 2591 602 2664 ἀντὶ
630 2602 709 2666 τοῦ·
736 2603 834 2672 τοῦτο
861 2599 989 2684 γέγονεν
1019 2593 1125 2664 αἴτιον
1152 2599 1212 2664 τοῦ
1244 2596 1295 2663 ἐκ·

199 2706 397 2795 πεμφθῆναί
416 2731 468 2791 με.
511 2709 602 2774 Hane
623 2711 810 2776 sententiam
831 2728 920 2775 suam
941 2710 1016 2774 feeit
1037 2707 1203 2774 Personus.
1238 2706 1294 2773 Oe-

198 2819 265 2884 tere
296 2817 414 2883 scholia
447 2817 635 2899 plurimique
662 2816 818 2898 Euripidis
844 2817 1027 2899 interpretes
1053 2817 1100 2881 ita
1129 2815 1294 2898 explicent,

201 2927 237 2989 ut
259 2918 278 2990 δ’
301 2927 381 2990 idem
404 2927 446 2990 sit
461 2925 543 3008 quod
561 2921 601 2989 δι’
617 2918 645 2990 δ’.
689 2925 733 2990 Ut
751 2924 856 3006 paucis
879 2924 962 3007 quod
983 2925 1082 2990 sentio
1098 2923 1294 3006 complectar,

200 3034 300 3099 altere
321 3034 485 3116 explicatio
514 3034 623 3098 contra
651 3033 795 3099 naturam
818 3033 905 3099 verbi
926 3026 1165 3115 ὑπεκπέμπειν,
1199 3032 1297 3097 altere

166 3159 174 3177 ·
202 3143 309 3206 centra
336 3142 498 3207 Atticum·⁴
511 3141 658 3224 loquendi
689 3161 786 3225 genus
817 3144 933 3222 peccat.
986 3143 1030 3208 At
1060 3142 1138 3207 dicit
1164 3126 1296 3208 Weilius

201 3268 263 3344 non
296 3250 444 3316 maiorem
475 3247 694 3316 difficultatem
725 3270 835 3334 parere
860 3252 941 3316 hanc
972 3251 1170 3332 locutionem,
1203 3269 1296 3333 quarn

119 3363 126 3374 '
202 3357 290 3423 ταῦτ’
312 3353 548 3441 ὑπεξέπεμψεν
574 3359 623 3425 vel
654 3357 686 3424 τί
714 3352 949 3444 ὑπεξέπεμψεν
956 3384 967 3438 ,·
999 3362 1104 3426 tamon
1134 3379 1171 3424 nc
1200 3377 1296 3424 unum

202 3468 327 3554 qtridem
350 3468 521 3550 exemplum
544 3488 579 3533 er
603 3469 709 3536 Attica
731 3487 822 3551 prosa
845 3469 894 3534 uel
916 3488 950 3534 er
971 3468 1151 3552 tragoediae
1172 3467 1296 3552 dialogo

201 3576 315 3658 poterit
345 3577 498 3657 efferret.
541 3575 637 3642 Aliud
665 3578 768 3642 autern
798 3577 845 3642 est
873 3570 902 3659 ὅ,
933 3576 1019 3641 eliud
1048 3566 1152 3640 ὃκαί.
1197 3575 1297 3657 Quam

168 3683 393 3770 ‘locutionem
425 3685 654 3752 eodemmodo
687 3687 876 3769 usurparunt
903 3685 1004 3751 Attici
1031 3686 1204 3768 scriptores,
1236 3705 1297 3768 que

202 3793 358 3858 Homerus
382 3797 412 3858 Γ
432 3795 507 3860 176:
530 3790 567 3858 τό
595 3793 648 3858 καί
668 3793 825 3860 κλαίουσα
845 3793 970 3879 τέτηκα,
992 3794 1013 3858 i.
1037 3813 1061 3859 e.
1084 3813 1202 3876 semper
1224 3813 1298 3876 pen·

203 3901 256 3966 det
277 3903 442 3968 relativum
457 3923 477 3970 a
491 3905 584 3970 verbo
605 3905 781 3972 transitivo.
814 3903 952 3987 Apparet
965 3903 1024 3968 hoc
1036 3903 1152 3968 Phoen.
1167 3903 1227 3968 154
1237 3921 1296 3985 sq.:

306 4173 333 4237 1)
351 4171 384 4225 In
403 4172 511 4228 cantico
529 4175 621 4227 exstat
632 4173 782 4227 relativum
794 4170 843 4226 illo
855 4171 938 4225 modo
952 4174 1115 4240 usurpatum
1128 4168 1203 4239 apud
1213 4168 1296 4238 Soph.

203 4263 354 4332 Philtra:
373 4263 403 4320 τό
413 4289 462 4340 μοι.
473 4269 569 4322 ἔννεπε
587 4273 615 4322 τί
632 4283 673 4321 σοι
689 4267 781 4339 χρεὼν
797 4266 956 4338 ὑπουργεῑν;
975 4269 1010 4322 ad
1023 4283 1106 4336 quem
1118 4267 1209 4322 loeurn
1222 4269 1297 4320 recte

205 4358 321 4418 adnotet
338 4355 525 4420 Buttmannu'r
544 4363 651 4420 dictum
668 4381 727 4420 erse
746 4379 840 4434 „more
858 4363 963 4432 epieo“.
1052 4365 1054 4368 ’
