3170 5134
682 475 717 529 97

151 643 281 710 Oeeulte
310 646 416 711 autem
446 645 657 728 perferendam
690 645 815 711 tradam
848 646 913 711 seni
946 646 1023 713 milri
1055 645 1205 712 fidissimo
1216 644 1249 730 ¹).

151 751 240 833 Quod
261 754 298 817 ut
320 753 422 818 ferrste
444 753 575 833 eueniet,
598 754 630 818 di
649 753 741 821 duint
761 755 917 838 propitii.“
962 755 1031 821 lem
1052 756 1248 838 Agamemno

148 861 181 926 in
204 862 377 940 tentorium,
395 862 476 928 redit
497 863 663 946 epistulam
686 865 875 946 scripturus:
902 864 1027 930 interim
1051 865 1162 930 chorus
1185 865 1250 930 rir-

148 971 257 1053 ginum
288 971 388 1036 intrat
416 969 627 1055 perodnmque
656 973 750 1038 canit.
792 973 897 1038 linito
920 975 1042 1039 eentieo
1064 993 1163 1053 senen,
1196 974 1250 1056 qui

149 1080 180 1143 in
202 1080 311 1146 eodem
336 1080 471 1145 tentorio
493 1080 587 1164 atque
610 1082 803 1164 Agamemno
831 1084 949 1148 versari
977 1083 1133 1165 putandus
1160 1083 1249 1163 θεῖ’),

149 1207 218 1254 oum
242 1189 376 1270 epistula
405 1189 560 1271 procedit3
592 1191 626 1254 at
648 1190 699 1254 vir
724 1209 862 1274 egreasm
884 1191 1120 1273 deprehenditur
1142 1191 1250 1256 adle-

79 1307 88 1332 ·
148 1297 237 1362 nelao
258 1297 291 1360 in
312 1315 454 1363 scaenam
476 1298 624 1376 irruente,
647 1299 700 1382 qui
722 1299 787 1365 seni
801 1300 967 1382 epistulam
989 1300 1090 1383 eripit,
1108 1302 1247 1384 ereptam

148 1406 251 1471 solvit.
295 1405 443 1491 Sequitur
467 1406 610 1490 dialogus
631 1407 703 1474 inde
724 1429 744 1474 e
765 1427 795 1474 v.
817 1411 887 1474 303.

249 1515 317 1580 lem
342 1516 427 1581 vides
447 1516 481 1580 in
510 1536 545 1582 ee
571 1535 665 1600 quem
693 1518 784 1584 modo
811 1519 902 1584 docui
929 1518 1045 1584 exordii
1074 1518 1249 1584 conforrna-

147 1624 232 1690 tione
256 1624 379 1708 egregie
403 1625 507 1691 omnia
529 1626 704 1709 eonvenite3
730 1626 885 1711 simulque
906 1628 1031 1693 tollitur
1054 1647 1090 1694 ea
1112 1625 1248 1693 difficul-

146 1733 205 1810 tas,
229 1751 319 1814 quae,
339 1733 605 1814 quantumuis,
629 1734 713 1800 omni
735 1735 851 1800 exordii
872 1735 991 1802 formae
1005 1737 1127 1818 praeter
1145 1749 1247 1802 meam

147 1840 297 1906 inhaeret.
341 1841 424 1906 Nam
454 1843 480 1906 si
510 1861 600 1908 senex
628 1844 701 1908 ante
729 1843 879 1926 paredum
909 1863 979 1910 enm
1005 1844 1137 1928 epistula
1159 1845 1248 1928 abiit,

147 1949 198 2030 qui
221 1949 351 2014 tandem
372 1950 439 2015 fieri
461 1951 572 2034 potest,
594 1953 629 2015 ut
649 1953 719 2034 post
740 1952 867 2034 longum
891 1954 1048 2018 eantieurn
1070 1953 1248 2018 altereatio-

148 2076 215 2121 nem
252 2058 318 2122 eius
351 2077 420 2124 eum
446 2058 587 2126 Menelao
615 2060 647 2125 in
677 2078 789 2126 soeena
814 2061 973 2127 videamus
1003 2064 1035 2128 et
1063 2061 1248 2128 audiemus?

148 2165 260 2230 Nonne
283 2166 346 2230 iam
369 2166 423 2231 diu
444 2187 461 2232 e
481 2168 592 2234 eastris
608 2169 757 2234 excessit?
784 2169 854 2234 Hoe
870 2170 975 2234 autem
996 2188 1126 2248 sumere,
1144 2168 1247 2234 Mene·

147 2272 233 2338 laum
263 2274 295 2338 et
321 2293 422 2339 senem
449 2276 532 2340 inter
552 2294 584 2340 se
606 2276 741 2342 rixantes
763 2277 802 2342 ed
825 2278 926 2343 eastre
954 2277 1054 2342 redire
1075 2295 1173 2359 neque
1195 2296 1248 2342 ue·

149 2382 281 2448 risimile
303 2383 380 2446 mihi
406 2383 526 2448 videtur
549 2403 645 2466 neque
667 2382 816 2468 probatur
837 2385 902 2451 ullo
924 2385 1065 2468 uestigio.

601 2735 797 2744 ————

680 3067 721 3132 ΙΙ,

602 3267 657 3332 Dll
680 3268 793 3332 ARTl'l

379 3383 667 3450 Pssonodouvn
692 3384 1016 3451 IlVRIPIDEORVM

248 3568 455 3634 Periraotetis
477 3568 608 3648 singulis
623 3569 759 3652 prologis
774 3569 806 3634 et
820 3568 1110 3650 interpolationibus
1131 3585 1246 3647 eorum,

150 3681 301 3760 quantum
329 3678 471 3760 equidem
500 3678 657 3759 praestare
687 3679 836 3760 poteram,
868 3677 1001 3759 expulsis
1030 3677 1156 3742 tandem
1188 3678 1248 3743 ali·

151 3787 272 3868 quando
295 3787 335 3852 ed
357 3787 456 3852 artem
478 3785 677 3870 prologorum
700 3785 935 3868 Euripideorum
958 3785 1079 3864 aceede,
1114 3785 1143 3850 h.
1161 3804 1185 3850 e.
1209 3788 1244 3849 rut

150 3892 211 3960 iam
234 3896 267 3959 in
284 3893 479 3976 praelatione
501 3894 616 3974 monui,
650 3913 701 3960 eas
732 3893 866 3959 conabor
893 3892 1021 3958 delinire
1046 3893 1139 3976 leges,
1172 3911 1249 3974 quas

251 4175 278 4240 1)
297 4173 370 4238 Hinp
388 4172 436 4226 ille
454 4189 480 4227 v.
496 4172 560 4225 114:
581 4168 677 4228 πιστὸς
695 4167 748 4240 γὰρ
766 4165 858 4240 ἀλόχῳ
878 4175 933 4228 τοῖς
944 4169 967 4223 τ’
981 4170 1059 4240 ἐμοῖς
1072 4163 1202 4239 δόμοισιν
1215 4167 1246 4222 εἲ.

249 4270 279 4337 2)
298 4270 358 4324 Hoe
376 4269 500 4324 servavit
517 4268 710 4337 interpolator.
748 4267 788 4344 (li
809 4284 835 4322 v.
849 4269 932 4335 disq.
952 4271 980 4320 et
999 4283 1032 4319 ea
1051 4282 1121 4334 quae
1140 4265 1175 4319 de
1193 4265 1246 4318 hoe

153 4362 212 4418 loeo
229 4383 255 4435 p.
275 4368 310 4420 87
329 4366 539 4434 disputavimus.

1030 4460 1046 4514 7
1123 4481 1128 4492 .
