3170 5134
849 469 886 524 84

321 637 491 704 Pareamus
510 637 611 720 igitur
625 637 674 702 illi
687 641 858 721 prnmepto,
881 639 964 722 quod
977 641 1147 706 identidem
1161 641 1288 705 auribus
1301 641 1417 706 uostris

320 747 459 813 inculcat
466 748 500 827 ¹),
519 766 596 811 neve
615 747 717 811 ullum
738 750 957 829 argumentum
972 768 1009 813 er
1024 749 1177 832 singulari
1190 749 1282 813 huius
1293 750 1416 832 prologi

319 857 421 922 forma
440 858 592 938 potamus.
624 856 708 920 Nam
728 855 832 937 potuit
852 875 926 921 saue
945 859 1036 938 poeta
1059 858 1291 939 compositionis
1304 858 1416 940 legem,

320 985 415 1048 quam
433 966 498 1047 ipse
520 965 580 1029 sibi
601 965 714 1046 posuit,
735 965 893 1029 interdum
914 966 1087 1048 neglegere,
1110 985 1209 1049 neque
1220 985 1277 1049 ego
1296 967 1324 1031 is
1345 985 1416 1030 sum

319 1075 374 1157 qui
397 1073 626 1138 Andromedam
652 1075 684 1137 et
704 1073 838 1137 tortasse
861 1073 940 1138 alias
966 1093 1090 1156 quoque
1110 1074 1268 1162 Euripidis
1292 1075 1416 1140 nomae

318 1183 447 1266 prologo
467 1182 601 1247 iambico
624 1182 759 1246 aarum
779 1185 935 1263 neg-²).
979 1183 1080 1247 Cardo
1100 1185 1205 1248 autem
1228 1185 1327 1248 totius
1350 1182 1416 1246 dis-

318 1291 491 1375 putationis
511 1291 570 1355 hac
590 1291 624 1354 in
644 1310 678 1355 re
699 1291 842 1368 vertitur,
871 1293 978 1356 utrum
999 1291 1160 1373 Euripides
1180 1293 1262 1356 hanc
1282 1293 1414 1373 primam

318 1399 444 1464 fabulae
475 1417 619 1464 scaenam
651 1399 848 1480 anapaestico
880 1399 1020 1464 divertio
1055 1400 1086 1464 et
1118 1400 1253 1465 iambico
1287 1400 1415 1482 prologo

318 1509 488 1586 metuerit,
520 1527 624 1572 necne
652 1507 839 1590 Equidem,
875 1509 936 1572 nisi
967 1508 1047 1573 forte
1079 1509 1259 1591 Euripidem
1290 1510 1415 1574 fatuum

318 1617 414 1682 fuisse
432 1617 596 1695 iudicabis,
628 1635 752 1698 prorsus
780 1636 869 1699 nego.
914 1620 961 1681 Ac
989 1618 1125 1698 primum
1152 1619 1277 1700 quidem
1304 1620 1415 1683 contro

319 1729 451 1793 naturae
471 1727 555 1809 leges
576 1726 636 1791 hoc
656 1729 786 1810 pugnat,
808 1727 892 1808 quod
913 1729 1117 1809 Agamemno,
1139 1730 1305 1810 postquam
1325 1747 1416 1792 senex

318 1855 350 1900 v.
371 1837 413 1900 34
434 1854 479 1917 sq.
501 1835 636 1918 rogarit,
658 1853 714 1898 cur
732 1836 827 1898 noctu
847 1835 1012 1916 epistulam
1030 1835 1121 1900 modo
1135 1837 1302 1918 scripserit,
1323 1836 1416 1900 modo

318 1944 477 2022 deleverit,
508 1943 672 2024 roepondet
698 1942 793 2025 longa
817 1942 966 2020 oratione,
1000 1963 1063 2025 qua
1084 1945 1116 2007 et
1136 1944 1273 2009 Helenae
1293 1945 1360 2009 fata
1383 1947 1416 2009 et

318 2053 393 2118 belli
403 2053 507 2117 'l'roici
518 2053 671 2135 originem
681 2050 847 2133 coenas).
870 2053 916 2115 At
926 2053 1100 2134 audiamus,
1114 2053 1191 2135 quid
1206 2055 1315 2118 uonna
1330 2054 1416 2118 dicat

318 2162 494 2244 Hennigins
505 2162 526 2226 l.
537 2162 559 2225 l.
570 2181 601 2243 p.
610 2163 666 2225 41:
693 2161 865 2241 ,Quoniam
882 2162 966 2225 enim
978 2163 1099 2226 iambos
1111 2181 1192 2226 novo
1205 2162 1264 2226 huc
1277 2163 1345 2228 looo
1359 2182 1415 2244 po-

302 2272 394 2336 'sitos
415 2290 480 2336 esse
501 2271 610 2335 mirari
631 2291 693 2335 non
714 2271 869 2348 debemus,
897 2272 975 2335 saus
994 2271 1191 2336 eritmonere
1212 2290 1306 2353 quae
1325 2272 1415 2335 iam·

318 2381 376 2444 lis
396 2380 483 2444 istis
505 2381 787 2457 contineantur,
809 2398 853 2445 ea
873 2381 1105 2460 spectatores
1126 2381 1252 2445 sciant
1266 2399 1415 2444 necesse

318 2508 408 2568 esse,
429 2489 612 2570 praesertim
633 2508 704 2553 oum
725 2508 761 2553 ea
781 2489 945 2570 respicite
965 2489 1024 2566 ler,
1045 2509 1139 2570 quam
1162 2489 1201 2553 de
1214 2490 1412 2572 prologorum

317 2598 439 2662 ratione
456 2598 520 2687 sibi
539 2599 737 2679 praescripsit
759 2597 931 2679 Euripides.
975 2597 1079 2677 Quod
1100 2600 1224 2662 autem
1244 2598 1315 2662 illo
1336 2599 1414 2661 stu-

318 2706 379 2771 dio
401 2708 578 2789 abreptus
605 2709 726 2789 poeta¹
743 2707 1024 2789 aliquantulum
1053 2704 1099 2789 (ἔ)
1127 2707 1252 2771 laesit
1280 2707 1413 2770 verisi-

317 2815 572 2880 militudinem
598 2835 716 2898 neque
744 2817 877 2880 mirum
903 2817 964 2879 est
990 2834 1131 2897 neque,
1164 2815 1202 2879 id
1222 2814 1317 2896 quod
1339 2832 1415 2879 reo-

316 2924 466 2988 tissime
494 2925 646 2990 addidit
671 2925 918 3001 Hermannus,
953 2924 1074 3005 magis
1106 2924 1203 2987 nota
1230 2923 1412 3005 dignum,

318 3054 434 3116 quam
466 3034 568 3117 qnod
595 3036 679 3098 eius
710 3035 864 3117 generis
895 3034 1018 3098 ceteri
1046 3051 1191 3115 quoque
1222 3033 1415 3113 praebent

316 3143 512 3225 Euripidis
532 3143 707 3225 prologi“
744 3143 791 3205 En
812 3142 894 3206 bella
916 3143 948 3206 et
967 3141 1070 3223 lepida
1091 3142 1292 3223 argumenta!
1323 3139 1414 3220 Quod

314 3253 415 3334 igitur
442 3271 479 3316 ea
509 3271 589 3333 qnae
615 3251 768 3316 iambicus
797 3251 944 3332 prologus
978 3251 1118 3314 continet
1152 3249 1231 3312 scire
1259 3249 1427 3313 debebant

316 3362 514 3442 spectatores,
535 3361 690 3425 insaniam
711 3360 905 3450 committere
925 3361 957 3423 et
971 3358 1100 3422 surdum
1114 3357 1230 3440 lingere
1242 3359 1414 3440 Agamem-

418 3667 998 3740 1)Videll.p.39adn.43etp.ll.

416 3769 444 3836 2)
463 3767 567 3820 Mirum
586 3771 680 3818 tamen
697 3769 740 3818 est
758 3764 834 3834 qnod
850 3762 921 3817 dicit
937 3763 1093 3833 Hennigius
1110 3765 1130 3816 l.
1148 3765 1167 3817 l.
1183 3781 1212 3833 p.
1230 3765 1274 3832 89,
1302 3764 1413 3818 Andro-

315 3863 413 3918 medae
436 3863 561 3930 εἰσβολῆς
584 3862 757 3914 simillimam
779 3860 865 3913 fnisse
886 3860 1025 3912 rationem
1043 3864 1129 3928 atque
1151 3859 1314 3930 Iphigeniae
1333 3861 1412 3913 Auli·

315 3961 416 4016 dcusis
451 3958 590 4028 Equidem
608 3975 664 4011 uon
681 3957 772 4024 video,
799 3957 848 4024 qui
867 3957 1023 4024 comparari
1043 3956 1132 4024 possit
1151 3956 1328 4010 Andromeda
1347 3957 1412 4024 rupi

315 4055 401 4110 affin
418 4073 585 4126 gemensque
603 4053 762 4107 monodiam
781 4053 987 4121 anapaestioam
1005 4070 1068 4106 cum
1085 4053 1294 4122 Agamemnone
1317 4071 1412 4106 senem

315 4158 449 4208 evocante
466 4159 495 4207 et
512 4152 689 4220 anapaestico
707 4155 798 4204 metm
817 4167 881 4204 cum
899 4167 931 4203 eo
950 4150 1133 4217 colloquente.

395 4239 537 4317 'sinuit
564 4248 601 4302 ad
626 4247 789 4315 remfacit,
816 4246 1409 4317 quodposteengintaversusscnire·

313 4346 441 4416 eponae
