3170 5134
837 471 872 524 54

303 639 339 704 ut
367 640 488 705 taceam
517 639 553 705 de
581 640 682 706 verbis
707 640 788 706 male
816 641 847 705 et
877 640 1017 706 contorte
1047 640 1179 723 scriptis.
1221 640 1398 725 Antequam

304 749 409 813 autem
432 749 593 814 restituere
614 749 765 832 possimus
787 767 816 814 u.
839 749 889 827 34,
914 749 1018 832 spuria
1040 748 1177 815 notanda
1199 750 1272 814 sunt
1293 750 1397 816 omnia

306 873 385 939 quae
406 858 552 923 secuntur
572 876 669 940 usque
691 857 730 924 ad
754 877 783 922 v.
806 858 846 923 88
856 857 888 940 ¹),
925 875 986 940 qua
1018 856 1256 938 interpolatione
1285 857 1399 922 subab-

303 965 396 1031 surda
419 966 529 1031 misere
550 965 737 1032 distinentur
768 986 797 1031 u.
820 966 861 1030 34
893 967 923 1030 et
954 966 1004 1030 39.
1050 965 1152 1030 Verba
1182 965 1263 1030 enirn
1297 954 1335 1029 oa
1356 959 1396 1050 δὴ

303 1067 402 1138 τοῦτό
430 1075 457 1158 γ’
481 1063 684 1158 ἐξελέγχομαι
708 1075 837 1157 pessime
865 1074 938 1139 sunt
963 1074 1087 1156 scripta,
1122 1092 1193 1138 cum
1224 1073 1399 1157 significare

303 1182 448 1248 debeant:
486 1185 563 1262 „hac
590 1183 715 1267 quidem
740 1184 778 1249 de
805 1203 837 1249 re
863 1202 920 1267 ego
950 1183 1120 1265 vituperari
1146 1201 1208 1249 non
1237 1185 1397 1266 possnm“;

303 1310 358 1374 pro
380 1292 534 1374 particula
555 1290 590 1375 γὲ
612 1294 680 1375 post
701 1292 792 1376 γένος
813 1294 1022 1375 exspectamus
1042 1289 1118 1373 μὲν;
1140 1289 1240 1376 πένης
1259 1309 1328 1357 cum
1344 1311 1397 1374 ge·

216 1383 219 1390 ⁵
305 1401 409 1464 nativo
432 1401 630 1466 coniunctum
659 1421 720 1466 non
747 1402 793 1466 est
815 1401 963 1467 sermonis
986 1401 1153 1484 Euripidei
1185 1401 1237 1465 sed
1264 1401 1398 1484 primum

304 1509 456 1592 reperitur
485 1510 566 1592 apud
600 1509 778 1592 scriptorem
805 1510 956 1591 epistulae
979 1508 1160 1574 Platonicae
1181 1508 1242 1573 VII
1264 1525 1294 1590 p.
1315 1510 1398 1574 332⁰.

305 1617 410 1700 Neque
432 1618 559 1684 difficile
579 1619 625 1684 est
647 1619 764 1684 fontem
786 1619 877 1682 huius
902 1617 962 1682 loci
987 1617 1151 1700 indagare3
1178 1616 1284 1682 videas
1306 1617 1399 1682 velim

304 1745 332 1791 v.
355 1727 416 1791 247
435 1745 496 1809 sq.:

403 1861 486 1924 HA.
529 1852 736 1943 ἐγημάμεσθ’,
761 1843 789 1920 ὦ
812 1858 905 1940 ξεῖνε,
928 1850 1112 1939 θανάσιμον
1133 1850 1245 1940 γάμον.

405 1971 467 2035 ΟΡ.
527 1957 636 2054 ᾤμωξ’
658 1958 806 2054 νῖδελφόν
826 1960 894 2032 σόν.
917 1964 1157 2051 Μυκηναίων
1177 1965 1270 2045 τινές

404 2082 484 2144 ΗΛ.
529 2069 587 2157 οὐχ
609 2061 636 2163 ᾦ
659 2077 766 2164 πατήρ
788 2073 821 2158 μ’
844 2067 977 2162 ἤλπιζεν
999 2069 1152 2141 ἐκδώσειν
1173 2073 1266 2140 ποτέ.

305 2212 467 2277 Postrema
499 2212 603 2277 autem
633 2212 725 2277 verba
756 2211 829 2276 ficta
861 2213 933 2318 sunt
970 2230 1005 2276 ex
1037 2210 1189 2276 sententia
1222 2210 1399 2292 Euripidea,

308 2339 401 2402 quarn
424 2320 556 2404 legimus
579 2319 690 2386 Phoen.
712 2321 789 2386 442:

580 2453 680 2540 πένης
699 2449 757 2539 γὰρ
780 2445 872 2520 οὐδὲν
893 2445 1021 2542 εὖγενὴς
1040 2445 1120 2542 α’νήρ

306 2590 337 2656 et
358 2589 464 2672 paucis
486 2589 616 2654 mumtis
637 2589 738 2655 Alam.
761 2589 819 2673 ing.
842 2589 916 2678 aaa

453 2712 522 2787 ἀλλ’
544 2712 636 2786 οὐδὲν
658 2715 802 2806 ηὕγένεια
823 2715 908 2802 πρὸς
929 2715 970 2784 τὰ
989 2716 1150 2809 χρήματα·

452 2826 511 2896 τὸν
531 2825 591 2914 γὰρ
614 2824 766 2894 κάκιστον
787 2828 931 2907 πλοῦτος
951 2826 999 2908 εἷς
1021 2824 1174 2913 πρώτους
1194 2819 1272 2914 dyas.
1289 2835 1335 2878 '-

304 2967 373 3031 Iam
400 2965 531 3030 sublatis
558 2963 778 3030 additamentis
800 2984 827 3030 u.
850 2967 891 3030 34
912 2966 942 3029 in
967 2965 1164 3047 Euripideum
1191 2965 1323 3030 formam
1351 2959 1399 3030 re·

305 3073 455 3156 digendus
478 3073 533 3138 est.
576 3075 614 3138 In
637 3092 697 3156 quo
720 3073 758 3138 ab
778 3073 1051 3157 interpolatoribus
1072 3074 1224 3156 proiectas
1253 3093 1316 3138 esse
1344 3092 1399 3155 ap·

305 3182 392 3264 paret
411 3182 582 3266 particulas
604 3179 640 3246 δὲ
661 3175 710 3271 δή,
734 3182 924 3248 desideratur
944 3183 1029 3248 notio
1052 3183 1163 3249 uxoris.
1191 3182 1398 3262 Quamobrem

305 3291 387 3356 hanc
408 3291 575 3374 genuinam
597 3292 691 3357 fuisse
711 3291 874 3357 lectionem
897 3291 1029 3356 conicio:

490 3413 569 3501 ἡμῖν
591 3415 682 3503 λέχη
705 3416 838 3482 δίδωσιν
859 3407 1066 3500 Ἠλέκτρανν)
1091 3412 1215 3497 ἔχων),

407 3677 433 3746 1)
445 3676 597 3745 Postquam
606 3677 674 3732 haec
683 3677 790 3746 scripsi,
798 3676 1121 3734 animadvertiOttcncm
1127 3676 1399 3746 Lusders‚,Quaestt.

304 3773 340 3828 de
359 3774 483 3844 collegiis
502 3774 642 3830 artificum
659 3792 729 3830 scen.
747 3775 887 3844 prolusio“
907 3775 1030 3844 (Bonnae
1045 3773 1124 3844 1869)
1142 3778 1212 3830 sent.
1230 3777 1354 3828 controv.
1373 3773 1400 3828 11

306 3870 380 3924 idem
397 3871 536 3926 statuisse.

404 3968 433 4038 2)
452 3970 499 4020 An
514 3963 677 4036 trasmae?
692 3965 735 4022 Of.
754 3966 802 4022 Or.
820 3968 863 4020 20.

405 4063 432 4132 3)
450 4064 566 4118 Erravit
583 4063 642 4118 sine
659 4063 745 4118 dubio
764 4061 807 4117 W.
825 4066 858 4117 Δ.
876 4062 909 4116 Ε.
928 4080 954 4131 p.
975 4063 1008 4116 62
1034 4061 1069 4116 ad
1094 4061 1167 4116 hunc
1185 4079 1297 4116 versum
1316 4063 1399 4118 adno-

305 4164 381 4214 tans:
404 4158 488 4230 „ipsu
506 4155 540 4226 δὴ
559 4159 658 4212 δίδωσι
678 4159 706 4214 O.
726 4159 757 4212 ae
775 4159 873 4212 inserit
887 4159 963 4212 0²11
985 4157 1161 4212 scribendum
1178 4157 1268 4228 igitur
1286 4176 1320 4213 ex
1339 4157 1399 4213 Sto·

305 4256 376 4311 baeo
393 4253 461 4326 ἡμῖν
478 4273 510 4325 γε
526 4252 608 4326 ptiust
647 4255 743 4324 Neque
761 4255 835 4309 enim
854 4254 987 4309 Stobaeus
1005 4255 1057 4308 hcc
1075 4271 1166 4321 versu,
1190 4255 1238 4308 sed
1256 4257 1292 4310 37
1310 4253 1401 4309 tradit

305 4371 338 4422 γε
355 4347 421 4422 μήν,
439 4370 530 4422 neque
547 4352 618 4407 istae
633 4351 789 4422 particulae
807 4352 837 4406 in
856 4369 882 4407 v.
903 4353 938 4405 34
956 4351 1068 4405 omnino
1090 4351 1236 4419 quadrant.
