3124 5138
794 501 829 554 42

268 668 327 735 Sed
346 689 419 752 prae
440 669 599 737 doctrinae
612 689 685 736 suae
697 672 778 736 mole
790 671 822 736 id
835 671 946 753 ipsum,
968 671 1050 754 quod
1066 671 1206 736 dicturus
1220 672 1276 745 est,
1299 689 1361 736 non

266 778 356 844 dicit:
390 797 515 844 cansam
547 779 671 860 profert,
706 797 760 844 cnr
787 777 899 846 Creusa
928 798 1056 861 puerum
1087 779 1148 846 isto
1181 780 1362 846 ornamento

266 886 467 952 decoraverit.
509 885 715 966 Quamobrem
737 888 844 952 notam
864 888 953 954 illam
975 887 1092 970 profert
1106 887 1300 954 Erichthonii
1315 887 1330 952 l
1346 921 1362 936 -

266 995 382 1074 hulam,
405 1014 498 1078 quam
520 995 566 1060 ita
581 995 621 1060 ad
637 1013 727 1060 suum
742 1015 832 1062 usum
847 996 1005 1076 immutat,
1028 996 1065 1061 nt
1076 995 1251 1062 Minervam
1266 1015 1360 1079 puero

267 1103 362 1168 duos
384 1122 500 1187 angues
520 1103 695 1168 adiunxisse
714 1104 798 1169 dicat
821 1103 1191 1186 (cf.Apollod.11114‚o.
1214 1104 1271 1174 Ov.
1285 1105 1360 1170 Met.

266 1213 398 1293 11561).
442 1213 488 1277 De
509 1231 594 1278 more
615 1214 720 1278 autem
742 1213 988 1296 Atheniensium,
1011 1233 1102 1296 quern
1118 1232 1146 1278 v.
1162 1214 1203 1278 24
1215 1231 1262 1296 sq.
1277 1231 1361 1280 oom-

266 1321 430 1400 memorat,
464 1321 694 1387 nihilomnino
722 1321 846 1386 snmus.
901 1321 987 1402 Quae
1017 1322 1175 1398 secuntur,
1211 1322 1239 1386 si
1271 1341 1361 1405 quern

266 1449 389 1494 sensnm
411 1411 544 1510 habent·
568 1431 608 1496 ad
630 1431 730 1496 restes
751 1430 909 1496 referenda
931 1432 1014 1509 sunt,
1042 1433 1153 1514 quibus
1176 1430 1291 1498 Creusa
1311 1431 1361 1494 in-

266 1538 384 1604 fantem
405 1540 598 1615 involvebat3
629 1539 778 1621 leguntur
798 1539 914 1605 similia
937 1558 965 1604 v.
992 1541 1072 1605 1412
1094 1559 1139 1624 sq.
1182 1539 1283 1621 Quam
1305 1539 1361 1606 do·

266 1648 391 1714 lendum
414 1649 469 1728 est,
490 1648 573 1731 quod
595 1648 724 1714 tertium
741 1647 828 1730 pueri
842 1649 1068 1726 ornamentum,
1091 1648 1191 1714 olivae
1206 1665 1360 1727 cornuam,

267 1757 415 1840 neglexit!
442 1756 674 1822 Absurdissima
688 1757 793 1822 antem
814 1757 888 1822 sunt
907 1757 974 1838 ipsa
996 1756 1106 1822 rerba:
1128 1757 1191 1820 τοῦ
1212 1779 1249 1822 τε
1271 1777 1363 1841 yppa-

268 1869 346 1944 νοῦς
358 1859 560 1948 Ἐριχθονίου
574 1867 616 1946 (r.
628 1868 682 1943 20)
698 1866 789 1932 nihili
809 1868 865 1941 est,
888 1867 1034 1950 quoniam
1054 1866 1087 1930 id
1109 1865 1192 1948 quod
1207 1865 1361 1941 narratur,

268 1975 462 2042 Erichthonii
483 1994 549 2042 mos
571 1994 716 2042 essenon
739 1976 793 2058 pot
817 1976 855 2052 't;
881 1969 1016 2061 φρουρά
1029 1969 1227 2060 -φύλακας
1236 1973 1259 2056 ¹)
1274 1974 1361 2040 iustu

267 2084 340 2166 poni
362 2104 424 2149 non
443 2085 533 2165 licet3
567 2082 635 2148 ἐκεῖ
654 2084 700 2166 (v.
721 2086 776 2162 24)
799 2085 830 2150 et
850 2107 900 2162 τις
921 2083 964 2166 (v.
986 2086 1041 2163 25)
1064 2083 1200 2150 trimetri
1222 2082 1361 2166 explendi

269 2211 363 2258 causa
393 2193 501 2258 addita
530 2195 619 2270 sunt3
655 2192 770 2279 ὄφεσιν
805 2191 838 2257 ἐν
868 2187 1079 2277 χρυσηλάτοις
1108 2189 1240 2278 τρέφειν
1267 2189 1362 2256 τέκνα

270 2303 446 2386 (intelleget
484 2303 669 2384 „monilibus
688 2302 728 2366 ad
750 2303 938 2384 serpentium
958 2302 1092 2368 formam
1113 2301 1205 2367 factis
1227 2299 1360 2366 infantes

267 2412 429 2492 induere“)
450 2429 539 2476 nemo
560 2428 654 2476 sanus
676 2408 796 2495 dicit2)‚
818 2401 888 2474 etr
912 2413 956 2494 (r.
972 2412 1027 2492 26)
1049 2429 1120 2495 non,
1141 2410 1179 2476 ut
1197 2410 1237 2475 K.
1260 2411 1360 2493 putat,

268 2521 388 2586 metrici
409 2521 666 2604 supplementum,
699 2520 754 2585 scd
782 2506 907 2602 pessimi
932 2521 1039 2602 poetae
1067 2520 1199 2602 pessima
1225 2519 1272 2584 est
1292 2537 1383 2584 sen-.

267 2629 435 2696 tertiarum
466 2630 586 2712 copula.
623 2667 665 2676 —
700 2628 840 2694 llxtrusis
870 2633 975 2694 autern
1005 2629 1142 2696 versibus
1173 2629 1297 2694 20-27
1330 2628 1361 2694 et

267 2739 394 2804 remotis
420 2758 436 2804 e
463 2738 716 2820 praecedentibus
741 2737 780 2802 iis
813 2755 888 2819 qnos
917 2738 1010 2802 antea
1042 2737 1219 2804 notavimus
1250 2735 1360 2820 pannis

268 2845 400 2933 βρέφος,
424 2845 586 2930 Κρέουσα,
617 2839 662 2922 ὦς
682 2840 897 2928 θανούμενον,
925 2845 1036 2930 quibus
1058 2846 1155 2912 addas
1176 2835 1359 2930 άσήνεχκεν

267 2976 297 3022 v.
321 2957 369 3035 16,
392 2956 476 3038 quod
497 2956 584 3022 iuxta
605 2975 634 3021 v.
657 2953 808 3040 ἐκτίθησι
828 2955 957 3022 tolerari
979 2973 1041 3020 non
1061 2955 1172 3038 potest,
1203 2955 1278 3022 haec
1299 2954 1361 3021 fere

267 3063 350 3130 ultro
372 3066 500 3147 apparet
520 3083 665 3132 rensuum
684 3063 921 3147 Euripideorum
944 3063 1058 3130 forma:

419 3175 457 3240 15
793 3165 838 3248 τάς
854 3171 887 3249 Κδ’
911 3157 1017 3255 ἦλθεν
1037 3166 1162 3254 χρόνος,

457 3281 584 3348 τεκοῦσ’
607 3273 765 3358 ἐνοίκοις
788 3275 939 3366 ἐκτίθησι
963 3275 1035 3363 [τὸν
1055 3281 1164 3366 γόνον]

457 3387 504 3469 είς
524 3383 644 3456 vadato
665 3379 782 3473 άντρον
802 3374 906 3476 οὗπερ
931 3381 1079 3476 ηὐνάσθη
1101 3391 1175 3476 θεῷ

457 3498 568 3584 κοίλης
589 3498 622 3564 ἐν
643 3491 818 3584 ἀντίπηγος
839 3489 983 3585 εὐτρόχῳ
993 3500 1018 3581 ³)
1042 3499 1162 3586 κύκλῳ.

370 3722 394 3791 l)
412 3722 458 3778 Sic
475 3721 554 3776 codd.
574 3720 701 3776 Correxit
721 3719 860 3774 Porsonus
877 3720 975 3790 regula
993 3737 1043 3774 aua
1063 3736 1128 3774 usus
1146 3715 1257 3792 φύλακε.
1282 3720 1360 3776 Nihil

269 3820 434 3874 mutandum
454 3819 542 3872 estin
561 3817 723 3886 turpissimo
742 3815 951 3884 interpolatoris
971 3815 1038 3870 fetu.

367 3915 395 3984 2)
413 3915 516 3970 Facere
534 3932 589 3968 non
607 3930 726 3984 possum,
753 3913 820 3981 quin
840 3912 962 3967 eiusdem
979 3917 1054 3968 certe
1071 3917 1170 3984 poetae
1187 3913 1360 3968 simillimum
1417 3939 1422 3952 ν

269 4013 417 4082 explodam
436 4011 669 4066 additamentum:

388 4108 456 4160 1428
492 4109 568 4159 ΙΩΝ.
606 4100 711 4176 δώρημ’
728 4098 855 4172 Ἀθάνας,
874 4095 890 4169 ἢ
908 4103 980 4158 τέκν’
999 4105 1140 4176 ἐντρέφειν
1158 4106 1244 4175 λέχει,-

492 4208 547 4255 ΚΡ.
607 4197 778 4272 Ἐριχθονίου
796 4199 887 4270 γετοῦ
905 4192 989 4253 πάλαι
1006 4194 1161 4272 μιμήματα.

270 4301 371 4357 Causas
390 4299 493 4354 addere
511 4315 579 4368 opus
597 4316 653 4353 non
671 4303 722 4354 est.

300 4383 302 4388 ⁵
368 4396 394 4466 3)
413 4394 593 4465 Vopabulum,
612 4399 644 4448 ut
661 4394 731 4449 mihi
749 4394 868 4464 videtur,
887 4394 1010 4450 nondum
1027 4393 1211 4450 emendatum.
