3124 5138
247 679 248 682 =
278 656 331 721 per
352 655 384 704 se
403 636 483 704 sotis
502 637 583 704 bono
610 629 650 725 ἥν
675 636 752 700 ποτ’
784 633 817 713 ἒς
836 629 945 702 Πυθώ
974 631 1086 719 μολών
1115 624 1214 726 ᾔτησε
1247 639 1373 719 Φοῖβον

276 739 412 827 ιιαιρός,
434 745 460 810 si
472 745 512 812 nd
533 764 656 812 sensum
678 745 813 828 respicis,
833 745 980 828 coniungi
994 746 1168 813 debetcum
1183 745 1371 832 νοοοόίκην,

276 855 303 922 si
324 855 364 920 ed
386 855 575 922 structuram
586 856 758 933 uerborum,
784 871 853 919 oum
876 872 951 920 voco
970 852 1095 936 μανίας.
1126 854 1243 923 Statim
1265 855 1371 938 posteo

276 963 578 1030 remuneremus.
622 962 809 1044 rnurprsres
830 944 982 1040 enimet,
1017 962 1099 1045 quor
1124 963 1241 1046 legitur
1266 983 1295 1029 ι.
1319 963 1369 1043 se,

276 1073 387 1140 volunt
408 1090 472 1138 esse
492 1071 708 1154 possessivum,
731 1071 813 1154 quod
835 1071 941 1136 temen
963 1071 994 1136 et
1009 1070 1205 1138 rarissimum
1225 1071 1272 1137 est
1288 1073 1370 1156 spurt

276 1181 413 1265 tragicos
436 1181 630 1262 meximeque
651 1179 831 1262 Euripidem
839 1182 862 1260 ¹)
883 1179 914 1244 et
937 1197 1042 1246 versus
1070 1198 1197 1246 csesure
1224 1181 1301 1248 setis
1323 1199 1371 1248 re·

276 1291 405 1356 fellitur.
448 1289 508 1358 Sed
535 1289 707 1354 Hermenni
735 1289 911 1356 coniectura
933 1288 1062 1354 ’κείνειν
1089 1290 1251 1356 scribentis
1277 1309 1370 1358 causo

277 1400 353 1479 eret,
376 1417 430 1464 cur
451 1397 492 1464 ari
513 1398 593 1464 hanc
606 1398 893 1480 interpretationem
909 1399 1126 1483 confugerent:
1148 1399 1268 1466 codices
1283 1419 1371 1482 pree·

276 1507 350 1573 bent
372 1491 411 1573 οὗ
434 1504 552 1588 κτείνει
574 1507 622 1572 vel
645 1490 684 1571 οὗ
703 1504 800 1588 τίνει,
828 1508 947 1574 scholia
969 1509 1122 1591 explicent
1143 1508 1306 1574 lectionem
1328 1491 1370 1574 οὗ

276 1614 402 1694 κτείνει,
427 1635 523 1683 unum
546 1617 651 1682 sutem
674 1616 796 1700 egregie
816 1617 874 1683 hoc
894 1617 1031 1684 testetur
1049 1616 1104 1702 (od
1123 1638 1153 1683 r.
1174 1618 1243 1702 51):
1264 1639 1312 1703 γρ.
1335 1615 1371 1684 δὲ

277 1707 316 1790 οὗ
338 1721 446 1790 'univer
468 1722 567 1810 δίκην,
594 1721 635 1788 ἵν’
658 1710 696 1813 ᾖ
720 1718 817 1814 iimcc,
852 1723 885 1790 ἐν
905 1729 1029 1804 Πυθοῖ,
1061 1725 1219 1810 τιμωρίαν
1246 1724 1370 1794 δίδωσι.

277 1833 376 1900 Nemo
398 1833 565 1914 dubitabit
592 1835 668 1918 qrrin
689 1835 747 1902 hoe
768 1834 869 1919 ipsum
891 1835 1066 1919 antiquitus
1087 1835 1238 1902 traditum
1260 1836 1370 1928 fuerit:
1426 1893 1431 1910 ,

275 1942 364 2008 reris
387 1942 527 2008 codicum
549 1943 641 2010 lectio
663 1944 733 2010 orta
758 1944 805 2009 est
832 1963 867 2010 ex
889 1944 1065 2028 Byzantina
1094 1944 1259 2027 scripture.
1302 1945 1369 2010 Iam

275 2049 370 2134 rides,
393 2070 486 2134 quem
508 2052 589 2118 male
611 2053 772 2118 doctorum
796 2053 934 2119 virorum
956 2053 1140 2120 coniecturis
1162 2053 1251 2120 neeri
1278 2052 1370 2118 huius

275 2159 336 2225 loci
368 2159 540 2226 oblitterati
572 2161 645 2227 sint.
688 2161 734 2228 At
755 2162 890 2244 genuina
911 2161 1043 2228 lectione
1064 2162 1211 2228 restitute
1233 2164 1369 2229 membre

275 2267 404 2333 disiecto
424 2287 477 2351 per
500 2288 531 2334 se
554 2270 629 2336 setis
651 2270 733 2335 bone
754 2269 971 2348 nanciscimur,
1004 2271 1229 2337 sententiarum
1260 2272 1366 2355 eptum

276 2396 386 2443 nexum
408 2378 495 2444 nullo
517 2377 608 2444 modo
631 2375 749 2444 efficere
776 2397 945 2460 possumus.
980 2379 1141 2444 Accedunt
1161 2379 1233 2446 elie.
1261 2380 1369 2446 Nemi·
1407 2385 1410 2393 '

275 2506 345 2552 nem
368 2488 422 2570 qui
444 2488 526 2552 hunc
548 2487 650 2552 locum
672 2485 752 2570 legit
774 2504 835 2551 non
856 2477 984 2552 offendit
1005 2487 1164 2572 inelegans
1183 2489 1240 2554 eut
1259 2507 1369 2554 eorun-

275 2595 346 2662 dem
367 2597 422 2662 eut
443 2604 683 2680 synonymorum
699 2596 921 2662 vocabulorum
941 2597 1026 2662 intre
1047 2597 1210 2664 minimum
1233 2597 1368 2680 spatium

276 2703 435 2787 repetitio:

277 2830 327 2910 50,
350 2831 389 2894 51
412 2819 511 2894 dues
532 2829 673 2916 Δελφῶν
694 2819 850 2894 κατάἶαν
1010 2831 1051 2896 52
1073 2827 1106 2906 ἐς
1125 2829 1235 2895 Πυθοῖ
1258 2824 1369 2914 μολών

349 2939 388 3004 51
411 2937 521 3026 Λοξίᾳ
1009 2944 1052 3007 53
1073 2943 1198 3022 Φοῖβον

349 3047 388 3112 51
413 3042 498 3112 ἔνθα
519 3047 609 3133 δίκην
630 3046 745 3114 δίδωσι
1006 3051 1047 3114 53
1070 3033 1109 3115 οὗ
1130 3047 1241 3114 ’καίνει
1268 3048 1367 3134 δίκην.

275 3172 366 3258 δίκην
388 3175 421 3238 in
446 3173 506 3239 fine
528 3194 671 3240 versuum
691 3177 730 3240 51
754 3176 785 3241 et
807 3177 848 3241 53
870 3177 1005 3258 positum
1026 3176 1081 3240 est.
1125 3175 1215 3241 Dices
1237 3177 1370 3241 fortasse

276 3302 323 3348 res
344 3303 423 3366 quoe
443 3285 502 3349 hoc
522 3285 590 3349 loco
612 3284 802 3363 enarrentur,
836 3285 883 3349 ite
905 3285 1099 3366 comparatas
1121 3303 1194 3362 esse,
1229 3285 1265 3349 ut
1286 3303 1369 3367 repe·

276 3392 401 3457 titiones
424 3392 536 3457 evitari
561 3410 621 3457 non
643 3392 779 3473 possint:
803 3392 873 3457 ride
888 3394 1001 3470 temen,
1025 3394 1142 3476 quanto
1157 3392 1369 3458 melinsuuri-

160 3567 161 3572 ,
279 3501 363 3582 pides
395 3520 460 3566 rem
489 3520 576 3565 suum
607 3499 736 3583 gesserit
764 3519 792 3565 r.
823 3502 903 3566 1106
925 3520 985 3583 sq.,
1024 3501 1077 3566 obi
1110 3519 1233 3582 prorsus
1263 3501 1369 3566 eudem

276 3610 473 3675 enarrantur:

625 3717 738 3805 Φοίβῳ
759 3721 817 3808 τῆς
839 3713 980 3802 πάροιθ’
1002 3713 1160 3802 ἁμαρτίας

411 3826 515 3905 ’δίκας
537 3831 717 3910 παρασχεῖν
738 3822 960 3910 βουλόμεσθ’·
983 3817 1086 3918 ᾔτησα
1106 3827 1164 3913 γὰρ

426 3930 553 4020 πατρός
573 3937 648 4003 ποτ’
673 3929 772 4005 αὐτὸν
793 3936 931 4020 αἵματος
954 3939 1066 4005 δοῦναι
1087 3936 1186 4024 δίκην.

279 4063 443 4129 Praeterea
465 4062 504 4128 ab
527 4063 632 4128 nostro
653 4065 721 4130 loco
743 4074 867 4146 prorsus
889 4065 1032 4130 abhorret
1050 4047 1241 4130 ¹vocabulum
1255 4061 1370 4148 μανίας

286 4244 479 4252 .-...----.-,

376 4341 399 4412 1)
418 4341 489 4400 Vide
508 4342 606 4400 Elmsl.
625 4343 661 4400 sd
677 4343 745 4400 Eur.
763 4342 837 4399 Med.
855 4344 917 4398 925ι
