3170 5134
798 437 834 490 70

272 608 356 692 λέγει
375 601 435 696 τήν
452 605 540 690 μίξιν
561 615 621 674 τοῦ
646 605 791 672 Θυέστου
812 601 873 692 τήν
893 602 976 689 μετὰ
996 609 1054 695 τῆς
1076 599 1178 674 αι’τοῦ
1199 603 1364 692 θυγατρὸς

273 715 475 795 Πελοπείας,
511 705 568 802 ἐφ’
595 699 633 805 ἧς
662 711 752 782 ἔτεκε
781 711 839 781 τὸν
866 709 1044 801 Αλλμσθον,
1076 711 1134 782 τὸν
1160 711 1276 800 μοιχὸν
1304 720 1364 802 τῆς

273 818 568 913 Κλυταιμνήστρας.
611 825 689 890 Ecce
711 826 884 909 quaesitam
898 826 1083 893 scholiastae
1097 815 1302 910 ἀποροῦντος
1315 829 1364 892 in·

271 935 539 1018 terpretetionam!
582 934 660 1000 Mihi
682 935 786 1000 eutem
808 953 988 1018 persuasum
1012 935 1060 1000 est
1081 935 1250 1019 significari
1271 954 1300 1002 v.
1325 937 1363 1001 16

271 1042 452 1109 inimicitias
472 1042 555 1108 inter
577 1043 705 1110 Atreum
726 1043 757 1108 et
780 1042 944 1126 Thyestem
966 1043 1095 1110 fratrem
1122 1046 1252 1124 exortas,
1285 1063 1364 1128 quae

272 1152 409 1219 uersibus
432 1150 682 1218 antecedentibus
700 1150 821 1215 12-15
836 1149 1066 1217 describuntur:
1087 1150 1236 1234 sequitur,
1258 1151 1294 1216 ut
1308 1152 1363 1217 hos

217 1305 220 1318 .
271 1280 376 1327 versus
399 1260 565 1327 deleamus.
598 1258 758 1326 Accedunt
779 1260 860 1326 aliae
881 1279 991 1328 causae
1014 1279 1093 1344 quae
1114 1259 1271 1345 ἀθέτησιν
1292 1279 1363 1327 sua·

271 1370 355 1436 daut.
398 1369 454 1434 Est
476 1370 558 1434 onim
580 1388 646 1434 mos
667 1368 825 1453 Euripidis
849 1369 979 1436 naturae
1005 1389 1106 1436 rerum
1132 1371 1363 1450 consentaneus,

273 1479 317 1558 ut,
351 1477 405 1543 ubi
427 1477 461 1541 in
480 1477 617 1560 prologis
639 1495 736 1560 genus
758 1495 904 1559 personae
926 1477 965 1542 ab
986 1477 1053 1543 evis
1077 1478 1198 1562 repetit,
1232 1478 1364 1544 maiores

273 1605 366 1670 quam
389 1587 545 1652 celerrime
566 1587 735 1668 percurrat.
773 1585 851 1650 Vide
873 1585 939 1668 Iph.
956 1586 1049 1652 Taur.
1064 1586 1107 1652 in.
1133 1588 1220 1653 Aeol.
1237 1586 1364 1671 frg.14:

265 1689 381 1779 Ἕλλην
401 1688 471 1778 γὰρ,
495 1687 540 1772 ὡς
561 1691 697 1778 λέγουσι,
723 1691 862 1776 γίγνεται
885 1687 973 1772 Διός,
996 1693 1055 1759 τοῦ
1079 1694 1107 1759 d'
1123 1687 1255 1772 Αἴολος
1275 1696 1365 1779 παῖς,

273 1795 405 1868 Αἰόλου
426 1801 462 1867 δὲ
483 1799 628 1889 Σίσοφος
640 1791 793 1883 Ἀθάμας
811 1824 857 1867 τε.
881 1802 927 1868 cf.
943 1803 1235 1886 praetereaHerecl.
1248 1803 1307 1868 207
1317 1822 1362 1886 sq.

271 1913 305 1977 et
324 1912 483 1994 perediam
505 1911 764 1992 Aristophaneam
786 1910 920 1978 Acheru.
942 1911 982 1977 47
993 1930 1037 1994 sq.
1075 1910 1134 1992 Qui
1157 1930 1228 1977 vero
1250 1913 1364 1978 existu-

271 2019 337 2085 mat
362 2019 416 2085 hos
442 2038 546 2085 versus
573 2020 650 2084 hene
671 2019 801 2102 scriptos
827 2021 857 2084 et
878 2019 1028 2102 Euripide
1049 2017 1160 2103 dignos
1182 2039 1255 2102 esse,
1289 2019 1364 2103 quid

272 2126 425 2195 Graecum
438 2127 489 2208 sit,
511 2127 619 2194 nescit.
651 2127 745 2192 Iuvat
758 2128 882 2211 singula
897 2146 1080 2210 percensere.
1109 2127 1211 2194 Verba
1227 2112 1254 2213 ᾦ
1268 2126 1364 2210 στέμ-

273 2259 360 2320 μστα
381 2231 500 2320 ξήνασα
515 2235 648 2301 Weilius
669 2237 714 2302 sic
736 2235 881 2319 explicat:
907 2257 963 2316 „ee
980 2235 1075 2318 filant
1096 2235 1129 2302 tc
1150 2241 1249 2302 home
1270 2237 1308 2318 de
1326 2255 1364 2302 so
1388 2251 1390 2260 ’
1429 2235 1436 2252 “

272 2347 349 2412 nich
377 2345 423 2410 At
445 2343 499 2426 qui
520 2343 621 2426 potest
641 2362 778 2426 unquam
800 2342 926 2426 στέμμα
941 2344 1023 2410 idem
1038 2344 1199 2426 essequod
1216 2344 1363 2426 „filum“?

273 2455 310 2520 Id
332 2454 434 2537 potius
456 2470 575 2534 semper
600 2452 767 2535 significet,
802 2453 884 2537 quod
912 2454 1050 2519 circum
1072 2452 1192 2537 aliquid
1220 2451 1363 2518 nectitur.

263 2561 381 2632 Melius
414 2562 496 2626 certe
527 2560 748 2644 interpretatus
781 2563 848 2628 erat
875 2563 933 2628 hoc
962 2561 1148 2628 vocabulum
1180 2561 1362 2628 scholiasta:

269 2663 329 2734 τόν
350 2669 408 2756 τῆς
428 2657 529 2754 ἀρχῆς
549 2667 719 2755 στέφανον.
749 2671 793 2736 At
814 2671 890 2736 haec
911 2669 997 2735 notio
1019 2671 1049 2734 et
1070 2669 1253 2752 Euripideae
1266 2669 1362 2734 aetati

272 2780 303 2844 et
327 2777 435 2842 multis
456 2778 526 2860 post
548 2796 618 2842 eum
639 2778 769 2844 saeculis
791 2779 899 2862 ignota
922 2778 1002 2860 eret3
1034 2778 1170 2844 multum
1195 2761 1277 2860 apud
1300 2777 1362 2860 Bp·

270 2886 412 2952 nantinus
434 2885 559 2968 στέμμα
572 2885 734 2968 βασιλέως
749 2887 1050 2965 commemoratum).
1076 2886 1238 2968 Euripides
1258 2888 1361 2951 antem

134 2985 136 2992 ’
270 3011 331 3059 non
352 2993 440 3059 novit
459 2994 518 3058 nisi
540 2995 596 3059 has
618 2991 805 3077 notionos²):
830 2996 862 3068 1)
886 2994 1044 3060 vinculum
1060 2993 1154 3060 alicui
1171 2994 1216 3059 rei
1231 2983 1382 3058 circum?

269 3103 379 3168 datum
401 3101 479 3183 (Ion.
502 3102 573 3165 224.
599 3103 689 3167 1338.
714 3103 820 3183 1389);
844 3105 876 3183 2)
901 3121 1028 3168 corones
1051 3103 1226 3188 supplicum
1243 3102 1361 3188 (Suppl.

270 3212 320 3277 36.
342 3210 414 3279 470.
436 3208 534 3277 Andr.
556 3212 648 3292 894);
684 3208 719 3293 3)
748 3229 876 3277 coronas
906 3210 1102 3277 secerdotum
1127 3212 1279 3295 deumque
1303 3211 1363 3277 mi·

270 3319 441 3384 histrorum
471 3319 550 3396 (Ion.
574 3320 645 3384 522.
677 3320 791 3384 Bacch.
813 3321 883 3386 350.
916 3319 1014 3386 Arist.
1042 3320 1127 3388 Plut.
1149 3321 1249 3402 39⁸J).
1292 3321 1363 3387 Iure

270 3427 375 3493 autem
397 3426 588 3509 vituperavit
608 3428 794 3512 Hartungus
815 3429 956 3508 editores,
981 3429 1063 3511 quod
1085 3424 1151 3495 eet
1166 3429 1276 3496 Clotho
1298 3449 1363 3495 esse

269 3535 332 3599 illis
345 3535 516 3600 uideretur:
540 3555 638 3620 neque
659 3537 741 3603 enim
756 3556 844 3603 nosse
862 3537 1043 3621 Euripidem
1056 3538 1170 3605 Parcas
1192 3538 1246 3604 fila
1266 3538 1362 3605 dedu·

270 3644 381 3713 centes.
424 3642 582 3724 Quantum
615 3663 685 3711 vero
718 3645 859 3728 equidem
892 3664 927 3711 eu
959 3646 1035 3712 locis
1068 3646 1191 3713 collatis
1221 3647 1361 3729 cognovi,

268 3751 386 3816 Parcae
406 3751 489 3835 apud
511 3752 688 3836 Euripidem
710 3754 766 3818 aut
788 3753 828 3818 ad
851 3755 976 3837 partum
997 3756 1053 3819 eut
1079 3755 1120 3820 ad
1141 3756 1273 3820 mortem
1293 3774 1362 3837 per·

267 3858 384 3936 tinent3
419 3859 458 3927 ct.
487 3861 555 3946 Iph.
582 3861 675 3926 Taur.
708 3862 769 3926 206
797 3881 858 3945 sq.:
895 3856 1030 3944 λόχιαι
1060 3855 1193 3947 (Herm.)
1226 3857 1362 3948 στερρὰν

371 4128 397 4198 1)
418 4128 459 4183 Cf.
478 4127 612 4185 (lodinum
631 4131 666 4186 de
682 4130 729 4186 off.
746 4132 803 4201 pal.
821 4149 849 4202 p.
868 4134 912 4202 50,
931 4135 948 4187 8
967 4133 1052 4188 Bekk.
1119 4147 1122 4155 ·

368 4223 398 4297 2)
417 4224 532 4297 Semper
549 4227 653 4297 plurali
671 4245 786 4284 numero
804 4228 902 4284 utitur.

367 4321 395 4392 3)
414 4321 505 4379 Locus
524 4325 673 4380 secundnm
691 4325 775 4381 eohol.
794 4342 829 4390 ex
846 4324 983 4396 Euripide
1000 4327 1115 4396 petitus.
