3170 5134
750 443 783 496 ‘11

216 610 367 678 παιδείαν
388 616 517 696 Μοῖραι
539 612 739 679 συντείνουσι
759 613 846 680 θεαί.
890 613 1004 680 Baooh.
1030 615 1070 678 99
1083 633 1143 698 sq.:
1166 611 1308 682 ἔτεκεν
1437 621 1441 628 ’

216 720 243 785 δ
276 715 369 785 ἁνίκα
398 724 524 804 Μοῖραι
556 720 688 787 τέλεσαν
717 721 921 806 ταοροκέρων
948 716 1041 788 θεόν.
1084 722 1154 788 ΑΙο.
1183 724 1220 789 11
1243 743 1305 806 sq.:

216 821 254 894 ὃν
274 834 412 895 δονεῖν
433 824 614 914 ἐρρυσάμην
626 828 759 910 Μοίρας
772 825 921 908 δολώσας
936 831 989 914 (ef.
1000 851 1029 897 v.
1042 829 1105 914 33).
1127 831 1308 896 Paullulum

214 941 339 1005 tantum
365 939 468 1004 differt
496 939 619 1005 Heraol.
641 940 702 1004 898
723 958 784 1022 sep:
817 933 1004 1023 πολλὰγὰρ
1029 938 1166 1004 τίκτει
1191 941 1308 1021 Μοῖρα

214 1041 492 1131 τελεσσιδιίτειρα.
524 1047 676 1112 Videntur
698 1046 793 1112 etiam
816 1047 894 1114 duae
915 1048 1032 1113 Pareae
1054 1066 1187 1131 quarum
1208 1048 1308 1114 altera

214 1155 331 1234 dextra,
364 1156 463 1223 altera
491 1157 616 1221 sinistra
642 1157 709 1222 lori
734 1155 870 1247 assideat
898 1155 1039 1240 intellegi
1060 1155 1126 1220 Pel.
1147 1156 1207 1240 lrg.
1231 1158 1307 1222 623:

213 1258 321 1328 κλύετ’
346 1251 373 1328 ὦ
396 1267 532 1348 Μοῖραι,
566 1260 646 1342 Διὸς
667 1264 737 1329 αἵτε
759 1254 850 1347 παρὰ
870 1257 997 1347 θρόνον
1022 1247 1188 1348 ἄγχὀτάτιο
1216 1266 1307 1330 θεῶν

213 1367 371 1455 ἑζόμενοι.
414 1375 522 1458 Neque
551 1377 655 1441 nostro
683 1376 751 1441 looo
779 1374 907 1441 tolerari
933 1374 1035 1456 potest
1060 1368 1134 1456 Ιἔριν
1160 1367 1307 1457 πόλεμον

213 1482 350 1549 θέσθαι.
393 1484 482 1566 Quod
504 1486 615 1552 vitium
638 1487 754 1552 veteres
781 1485 981 1569 grammatici
1007 1483 1183 1551 eonieotura
1206 1501 1307 1549 remo·

213 1611 283 1658 rere
302 1594 503 1677 studuerunt3
533 1596 665 1678 legimus
689 1597 826 1672 enimin
849 1595 990 1661 scholiis:
1017 1587 1176 1681 γράφεται
1196 1591 1232 1658 δὲ
1252 1591 1308 1658 καὶ

208 1700 303 1783 Ἔρις,
325 1700 366 1765 ἵν’
389 1687 423 1790 ᾗ
445 1697 463 1788 ἡ
485 1699 552 1768 δεδι
566 1703 656 1787 Ἔρις
676 1698 734 1770 τὸν
755 1698 903 1786 πόλεμον
923 1701 1089 1768 ἐπέκλασε
1106 1700 1232 1788 Θυέστῃ
1253 1701 1307 1767 καὶ

212 1800 333 1891 Ἀτρεῖ.
377 1811 495 1877 Tamen
519 1813 709 1896 repudianda
730 1814 819 1878 nobis
841 1813 887 1878 ost
908 1812 984 1877 haee
1004 1811 1106 1892 lectio,
1130 1811 1213 1894 quod
1234 1811 1305 1876 Dis·

213 1919 318 1984 oordia
350 1919 404 1984 fila
436 1920 588 1986 doduoens
618 1921 748 1986 Homeri
780 1919 976 1998 auotoritate,
1012 1921 1066 2003 qui
1098 1939 1203 1986 omnes
1234 1919 1307 1986 deos

213 2019 462 2102 ἑπικλίθοντας
483 2027 569 2108 lacit,
591 2026 712 2091 delendi
735 2046 796 2092 non
818 2027 929 2109 potest.
970 2027 1180 2109 Interpolator
1201 2026 1306 2092 autem

214 2153 405 2216 quamquam
427 2133 519 2199 modo
541 2133 634 2198 dixit:
666 2131 699 2196 τί
719 2121 849 2217 τᾶρρητ’
867 2123 1157 2219 ἀναμετρήσασθαί
1176 2153 1217 2214 με
1239 2133 1306 2211 δεῖς

213 2244 328 2324 tamen,
350 2243 385 2306 ut
401 2244 448 2307 est
462 2243 706 2324 loquacissimus,
729 2243 884 2309 abstinere
899 2262 961 2308 non
975 2243 1086 2325 potest,
1107 2242 1183 2325 quin
1197 2242 1305 2306 statim

213 2350 402 2433 pronuntiet.
445 2350 490 2415 At
520 2350 673 2433 quomodo
704 2353 933 2435 pronuntiavit!
976 2351 1086 2417 Voluit
1106 2348 1194 2416 'enim
1215 2369 1244 2416 u.
1267 2350 1306 2415 15

211 2459 401 2542 significare:
443 2460 574 2538 „Atreus
597 2461 724 2544 Thyesti
755 2480 878 2527 earnem
905 2461 1072 2526 liberorum
1100 2459 1195 2538 illius,
1229 2477 1306 2543 quos

210 2567 417 2646 interfecerat,
450 2567 625 2648 apposuit;“
662 2587 696 2634 re
727 2587 801 2633 nera
830 2568 936 2633 autem
962 2566 1133 2650 signifieat:
1173 2566 1306 2647 „Atreus

213 2675 340 2759 Thyesti
361 2694 468 2741 cenom
490 2677 642 2758 apposuit,
663 2677 828 2758 postquem
849 2676 962 2742 liberos
979 2675 1187 2758 (cuiusnamil
1208 2675 1306 2742 inter-

211 2785 314 2850 fecit.“
359 2784 519 2866 Quomodo
545 2787 650 2851 autem
676 2785 734 2850 hoo
758 2785 855 2850 latore
883 2785 1019 2867 potuerit
1040 2784 1199 2864 Weilium‚
1234 2803 1303 2849 oum

212 2893 322 2958 Aesoh.
334 2895 393 2977 Ag.
407 2894 488 2959 1593
501 2894 593 2976 (1561
608 2894 726 2970 Herm.)
738 2894 869 2974 afferret,
884 2912 947 2959 non
961 2894 1038 2959 satis
1048 2912 1172 2976 possum
1187 2892 1304 2958 mirari.

212 3001 306 3065 Vides
320 3001 419 3084 igitur
438 3001 541 3066 loonm
564 3020 625 3067 non
647 3003 748 3067 minus
770 3003 938 3067 barborum
952 3021 1047 3084 quam
1061 3021 1091 3067 v.
1106 3001 1157 3083 51,
1179 3020 1304 3084 qnema

211 3109 252 3174 N.
268 3109 303 3174 E.
319 3109 365 3176 St.
386 3110 404 3174 l
425 3129 454 3192 p.
470 3111 511 3174 28
532 3109 619 3175 obelo
641 3111 785 3176 notatum
806 3128 870 3175 esse
892 3109 1303 3193 magnoperegaudemus1).

212 3218 272 3284 Sed
301 3218 409 3284 deletis
440 3218 578 3284 versibus
610 3220 731 3283 12-15
762 3219 967 3285 necessarium
994 3220 1050 3299 est,
1085 3220 1122 3284 ut
1152 3237 1208 3301 pro
1240 3212 1303 3304 ἔφυ

212 3346 240 3392 ν.
262 3327 311 3405 17,
334 3326 417 3409 quod
437 3325 641 3408 interpolator
661 3344 677 3392 e
699 3345 727 3392 r.
751 3328 789 3390 ll
811 3327 989 3409 assumpsit,
1010 3325 1096 3392 aliud
1118 3325 1304 3392 vocabulum

312 3646 338 3714 1)
356 3643 481 3714 Suspeoti
499 3649 564 3700 sunt
579 3661 635 3700 non
652 3647 735 3715 pauci
752 3663 856 3714 versus,
875 3647 923 3715 qui
939 3645 1078 3715 particulo.
1096 3640 1112 3712 ἤ
1130 3663 1232 3700 novam
1243 3662 1303 3700 sen-

210 3741 329 3796 tentiam
353 3741 532 3811 praeoodenti
559 3745 710 3797 annectunt
737 3741 814 3812 (vide
830 3742 874 3797 W.
893 3744 928 3796 A.
946 3742 980 3797 Ε.
1002 3760 1030 3812 p.
1048 3744 1101 3796 205
1119 3747 1184 3811 sq.);
1215 3742 1304 3814 spurii

212 3841 277 3891 sunt
294 3855 396 3907 omnes,
414 3838 444 3891 in
462 3838 563 3907 quibus
579 3839 783 3907 particularum
800 3838 958 3894 ooniunutio
976 3832 992 3905 ἢ
1011 3843 1059 3891 καί
1075 3842 1201 3910 apparot,
1220 3856 1303 3908 quam

210 3933 359 4003 Euripides
377 3950 491 4003 prorsus
508 3934 631 4005 ignoret
668 3935 799 3990 Nondum
816 3935 939 3990 deletum
956 3934 1038 3990 rideo
1058 3933 1118 4005 lph.
1137 3933 1170 3988 T.
1190 3935 1243 3989 680

422 4024 438 4097 ἢ
455 4034 501 4084 καί
519 4026 657 4102 φονεύσας
674 4033 722 4086 ἐπὶ
738 4033 852 4086 νοσοῦσι
870 4026 989 4104 δώμασι,

212 4127 261 4197 qni
278 4143 342 4182 oum
361 4125 538 4197 praecedenti

426 4216 546 4293 προδούς
563 4237 595 4276 σε
613 4219 729 4294 σῴζεσθ’
749 4221 829 4283 αὐτὸς
846 4229 883 4285 εἰς
900 4229 989 4285 οἴκους
1005 4220 1093 4297 μόνος

211 4317 371 4373 abioiendus
390 4322 441 4374 ost.
