3170 5134
713 477 747 530 75

187 649 320 731 quinque
341 650 434 731 primi
455 668 574 714 versus:
595 650 690 716 immo
711 650 835 732 singule
856 650 918 713 lere
936 648 1087 714 vocabulo
1107 637 1165 711 τὸν
1178 639 1274 735 Εὐρι-

187 755 313 822 πίδειον
335 758 468 841 produnt
488 761 679 846 χαρακτῆρα.
723 759 768 825 llo
790 759 891 842 magis
906 757 1039 840 suspecti
1052 758 1167 823 sunto.
1180 758 1273 838 6-9,
1306 828 1308 831 ,

187 866 295 948 quibus
317 867 458 932 Bacchus
477 867 610 947 nomine,
643 885 762 950 genere,
793 867 861 932 loeo
891 865 1021 932 aetionis
1043 865 1179 948 exposito
1199 865 1274 948 quid

185 973 217 1039 in
236 993 347 1041 eccene
368 976 494 1042 videant
515 976 701 1058 spectatores
722 976 854 1042 indicet:

382 1105 448 1193 ὁρῶ
472 1108 507 1174 δὲ
527 1106 650 1195 μητρὸς
670 1111 779 1199 μνῆμα
799 1109 858 1195 τῆς
879 1107 1048 1191 κεραυνίας

381 1212 449 1283 τόδ’
472 1214 562 1304 typos
583 1213 683 1284 οἴκων
704 1218 757 1284 καὶ
780 1215 891 1302 δόμων
912 1217 1049 1302 ἐρείπια,

381 1323 549 1414 τυφόμενα
571 1327 651 1394 Δίου
676 1323 784 1411 πυρός
806 1324 855 1394 ἔτι
877 1326 983 1410 ζῶσαν
1004 1320 1119 1413 φλόγα,

381 1427 551 1502 αἶθάνατον
565 1431 676 1520 Ἥρας
695 1435 805 1522 μητέρ’
828 1433 876 1513 εἷς
896 1430 977 1520 ἒμήν
999 1428 1103 1517 ὕβριν.

184 1570 236 1636 Sic
256 1571 304 1636 illi
326 1590 431 1638 versus
451 1571 523 1637 inde
538 1591 557 1637 a
571 1572 720 1638 Barnesio
734 1571 767 1637 in
782 1571 969 1638 editionibus
981 1569 1137 1654 leguntur.
1164 1567 1274 1652 Itaque

183 1680 209 1744 si
232 1679 314 1745 huuc
335 1681 437 1746 locum
452 1682 619 1765 sequimur,
642 1682 871 1764 conspiciuntur
884 1682 917 1746 iu
931 1699 1043 1746 scaena
1057 1679 1088 1745 et
1101 1676 1275 1761 sepulcrum

184 1785 317 1852 Semeles
338 1787 368 1852 et
393 1788 501 1854 domus
522 1789 587 1854 eius
607 1789 714 1854 ruinae
736 1789 901 1854 sumentes.
943 1787 980 1852 ld
1006 1787 1106 1869 ipsum
1133 1786 1213 1850 hene
1234 1784 1273 1851 ob

184 1913 308 1961 causam
331 1915 450 1978 moneo,
482 1898 564 1980 quod
587 1897 1030 1980 Wecllininspreef.1Baech.
1053 1915 1081 1978 p.
1106 1895 1145 1960 14
1165 1893 1275 1978 μνῆμα

183 2004 215 2068 et
245 2001 372 2085 ἐρείπια
403 2004 484 2070 idem
514 2023 578 2070 esse
608 2005 731 2069 uidetur
763 2005 961 2081 existumare3
995 2005 1040 2068 sie
1070 2004 1151 2068 enim
1184 2001 1274 2067 dicit:

186 2111 312 2192 „Nebeo
326 2113 395 2178 deo
408 2113 545 2198 Poloste,
567 2113 819 2180 wobrsctetnle‘cb
830 2113 891 2195 anf
907 2113 964 2179 der
983 2113 1106 2178 rechten
1119 2109 1271 2189 Periotte,

182 2221 225 2286 ist
247 2222 305 2287 dos
318 2221 473 2288 Blitemot
494 2223 550 2288 der
564 2221 679 2289 Semele
699 2222 894 2308 onpebroebt,
916 2222 1090 2288 recolende
1105 2220 1274 2300 Toiimmer,

183 2329 295 2395 welche
314 2331 497 2414 umfriede'pt
517 2332 585 2397 und
604 2353 664 2398 con
685 2333 782 2398 ciuem
799 2331 991 2424 Weinstoqbe
1007 2329 1153 2396 umranlot
1172 2329 1275 2395 siod.“

182 2438 252 2502 Hoc
275 2439 321 2503 est
342 2439 520 2505 oblitterare
541 2441 751 2520 difficultates,
777 2460 839 2506 uon
861 2442 985 2507 solvere.
1028 2440 1067 2505 V.
1089 2441 1109 2504 8
1130 2438 1276 2521 praebent

182 2547 302 2612 codices
331 2548 402 2631 post
428 2549 611 2614 vocabulum
640 2549 721 2614 Δίου
747 2549 934 2632 perticulam
964 2571 1016 2624 τες
1048 2548 1150 2614 deleta
1180 2547 1226 2612 est
1257 2565 1275 2612 e

146 2661 148 2668 ’
183 2655 332 2721 Bernesio
355 2656 394 2721 ad
415 2656 549 2722 metrum
569 2658 804 2724 restituendum.
833 2657 893 2724 Sed
911 2677 949 2724 ne
966 2659 1015 2735 ¹sic
1030 2657 1156 2741 quidem
1170 2673 1276 2722 versus

182 2781 277 2829 senus
292 2765 347 2828 est.
373 2764 461 2847 Nego
477 2766 558 2831 enim
574 2766 698 2832 omniuo
715 2766 860 2850 coniungi
875 2786 962 2850 posse
976 2759 1143 2850 τύφεσθαι
1158 2757 1275 2850 φλόγα.

184 2873 267 2938 Nem
286 2872 366 2939 illud
388 2873 427 2939 od
448 2873 553 2957 ignem
574 2874 707 2956 pertinet
728 2875 908 2958 gliscentem
931 2875 1126 2957 multumque
1154 2873 1277 2939 fumum
1373 2865 1377 2874 ¹

184 2981 403 3063 procreantem,
420 2982 477 3046 hoe
488 2981 527 3046 ed
541 2980 700 3047 flammam
716 2983 756 3047 ed
773 2982 891 3048 eoelum
907 2981 1121 3048 escendentem
1131 2979 1165 3062 ¹).
1188 2980 1276 3066 Quod

183 3090 249 3156 siue
269 3089 362 3154 dubio
383 3089 604 3180 animadvertit
621 3090 717 3172 isqui
736 3090 923 3172 perticulam
942 3088 978 3154 τέ
998 3088 1139 3154 inseruit.
1166 3087 1276 3153 Falsus

184 3200 231 3264 est
262 3199 419 3281 praeterea
450 3217 554 3265 versus
586 3198 763 3281 insequens
795 3218 867 3264 uem
899 3199 1073 3281 sepulcrum
1106 3197 1138 3263 et
1168 3197 1277 3263 ruinae

184 3305 295 3372 domus
317 3304 448 3371 Semeles
471 3324 532 3370 non
559 3307 632 3371 sunt
657 3301 767 3388 ὕβρις
781 3300 905 3389 Ἥρας,
938 3299 997 3372 sed'
1016 3307 1125 3389 signe
1151 3299 1278 3387 ὕβρεως

177 3409 298 3496 Ἥρας.
325 3413 393 3478 Hoc
408 3415 434 3480 si
448 3414 628 3498 legeremus,
651 3415 725 3481 bene
740 3415 876 3499 positum
894 3416 973 3481 esset
988 3414 1176 3481 adiectivum
1191 3404 1277 3478 αἰθά-

184 3541 293 3602 vocem
316 3519 452 3586 nuncin
475 3521 660 3586 sententiam
683 3540 744 3588 nou
759 3523 933 3605 quadrare).
956 3522 1016 3589 Sed
1031 3523 1093 3587 iem
1107 3521 1276 3601 videamus,

185 3630 338 3716 quomodo
361 3649 431 3695 oum
461 3631 500 3696 iis
528 3649 607 3714 quoe
628 3631 676 3696 his
701 3631 838 3698 versibus
869 3632 1061 3714 exponuntur
1092 3631 1209 3697 ceterae
1229 3632 1277 3697 fa-

183 3740 275 3806 bulae
297 3739 400 3822 portes
421 3739 615 3805 convenient.
661 3739 709 3805 Ac
729 3741 863 3823 primum
885 3741 1010 3823 quidem
1031 3739 1068 3805 de
1099 3739 1197 3806 ruinis
1222 3740 1278 3805 ‹lo-

184 3868 254 3914 mus
286 3847 420 3914 Semeles
452 3849 572 3930 praeter
603 3848 686 3914 hunc
716 3848 819 3913 locum
855 3848 932 3913 nihil
965 3848 1123 3930 eudimus:
1158 3867 1277 3930 semper

166 3951 282 4041 -σηκός
313 3957 361 4022 vel
395 3949 502 4041 τάφος
533 3958 791 4024 commemoretur
826 3955 889 4038 (11.
911 3957 982 4023 597.
1005 3956 1091 4038 623).
1141 3957 1179 4022 ln
1210 3958 1277 4040 ipso

289 4259 314 4326 1)
332 4257 372 4314 ef.
391 4258 459 4314 Eur.
478 4257 551 4327 cycl.
572 4213 632 4314 eon
651 4259 717 4315 Hoc.
736 4261 797 4315 478.
815 4257 1006 4328 Metophorice
1024 4257 1099 4314 Plut.
1117 4257 1185 4314 Sull.
1204 4261 1229 4314 6.

284 4355 314 4424 2)
336 4353 376 4409 Cf.
396 4354 515 4410 similem
533 4355 625 4410 locum
642 4355 704 4411 Hel.
723 4357 784 4411 987.
