3124 5138
694 467 726 520 11

318 711 320 715 ,
362 629 477 719 θάψαι
497 632 635 700 θέλουσι
653 633 757 699 τῶνδε
777 631 913 719 μητέρες
931 633 1030 714 χθονί
1077 603 1081 614 ’
1111 666 1114 678 ν

362 739 475 828 θάψαι
496 741 654 808 θέλουσαι
676 741 778 808 τῶνδε
799 741 935 828 μητέρες
955 742 1054 824 χθονί

363 847 475 938 θάψαι
498 847 664 930 θελούσας
683 851 784 918 τῶνδε
806 851 946 937 μητέρας
964 851 1093 932 τέκνων,

166 965 311 1047 quoniam
334 983 461 1047 corpora
482 953 598 1047 septem
620 965 733 1030 ducum
755 965 795 1029 ad
819 964 939 1028 Thebas
960 963 1130 1027 occisorum
1152 961 1256 1044 postca

165 1074 289 1140 domurn
310 1075 344 1140 in
365 1091 507 1140 scaenam
531 1073 686 1140 feruntur:
721 1074 943 1156 amplectemur
965 1072 1172 1136 coniecturam
1195 1069 1257 1154 W,

166 1183 219 1266 qui
242 1183 387 1248 restituta
408 1183 501 1248 Laur.
524 1183 556 1247 et
572 1183 639 1248 Pal.
662 1182 793 1248 lectione
812 1179 961 1264 μητέρων
981 1180 1117 1263 scripsit:

313 1283 426 1374 θάψαι
446 1289 618 1356 θελουσῶν
640 1289 743 1354 τῶνδε
764 1287 912 1374 μητέρων
932 1286 1039 1368 χθονί.

165 1401 234 1467 lam
255 1389 337 1466 recte
356 1398 459 1464 τῶνδε
479 1400 520 1465 ad
541 1401 655 1466 matres
676 1394 710 1464 in
731 1417 841 1465 scaena
863 1398 1036 1481 praesentes
1057 1396 1198 1462 refertur.
1218 1430 1257 1442 -

166 1509 225 1576 Sed
246 1509 407 1576 redeamus
425 1508 466 1574 ad
486 1509 611 1574 Medeae
631 1509 804 1592 prologum.
847 1509 884 1573 Iu
908 1525 969 1590 quo
991 1505 1144 1588 cumipse
1165 1524 1194 1570 v.
1217 1507 1258 1570 36

165 1619 304 1701 spurium
327 1637 391 1684 osse
412 1635 599 1700 cognossem,
620 1637 736 1702 magno
759 1635 830 1684 eum
851 1617 965 1701 gaudio
985 1613 1259 1681 vidineelorum

164 1727 186 1792 1.
209 1725 233 1789 l.
254 1744 282 1806 p.
305 1724 346 1787 24
367 1724 437 1789 adn.
456 1725 494 1788 13
514 1724 548 1788 in
576 1723 682 1790 eadem
704 1741 769 1790 asse
795 1724 947 1806 opinione.
990 1722 1051 1788 Vix
1076 1723 1174 1788 ullum
1203 1720 1258 1789 ad-

166 1831 373 1896 ditamentum
399 1832 497 1899 totius
527 1832 675 1904 orationis
704 1833 815 1897 habitu
841 1833 872 1897 et
897 1831 1055 1896 structura
1082 1831 1183 1914 magis
1210 1851 1259 1897 re·

166 1940 297 2022 spuitur,
332 1960 426 2024 quam
447 1941 507 2006 iste
527 1959 642 2005 versus.
693 1940 776 2005 Nam
797 1940 962 2022 postquam
984 1939 1113 2006 affectus
1135 1939 1259 2006 Medeae

165 2048 237 2113 indo
257 2067 280 2114 a·
297 2068 326 2115 r.
341 2051 382 2113 20
403 2048 480 2114 eatis
501 2047 604 2131 ampla
627 2049 766 2114 oratione
787 2047 901 2131 depicti
921 2049 1003 2127 suunt,
1025 2049 1188 2133 postquam
1203 2049 1259 2114 illa

166 2158 314 2240 expositio
336 2158 474 2224 versibus
495 2159 546 2224 34.
567 2159 618 2237 35,
645 2177 722 2241 quos
744 2158 902 2224 clausulae
923 2158 1024 2224 locum
1046 2159 1149 2223 tenere
1170 2175 1258 2222 nemo

167 2285 228 2332 non
249 2267 342 2346 videt,
375 2267 459 2333 iusto
478 2267 569 2333 modo
592 2267 681 2333 finita
703 2268 757 2347 est,
792 2269 932 2352 sequitur
953 2286 1033 2332 unus
1055 2285 1161 2333 versus
1182 2265 1260 2331 mire

166 2376 354 2456 claudicans,
379 2376 433 2458 qui
455 2394 516 2458 quo
538 2375 581 2442 eit
604 2378 707 2442 animo
730 2377 839 2442 Medea
861 2377 894 2440 in
914 2377 1026 2442 liberos
1048 2374 1203 2440 describit.
1220 2409 1258 2420 -

165 2483 231 2549 Alii
256 2503 378 2568 quoque
403 2485 524 2568 prologi
550 2484 617 2551 loco
649 2486 868 2568 agitetiesimo‚
904 2505 938 2571 v,
956 2487 1060 2550 6-16
1081 2483 1261 2550 Wheelerus

163 2593 279 2660 ibidem
301 2592 434 2659 salutem
456 2595 589 2677 pararit.
637 2595 849 2660 Difficultatcs
875 2595 1002 2660 illorum
1026 2611 1168 2658 versuum
1195 2609 1261 2658 sen-

164 2703 300 2768 centiens
333 2704 487 2785 expositae
519 2705 605 2782 sunt3
647 2723 716 2786 spes
752 2703 935 2769 emendandi
967 2721 1092 2785 prorsus
1124 2701 1260 2780 euanuit,

164 2813 328 2895 postquam
348 2831 364 2875 o
382 2811 565 2896 fragmentis
587 2810 761 2893 Euripideis
783 2829 880 2895 nuper
902 2811 1030 2894 repertis
1053 2827 1104 2875 eos
1123 2807 1260 2892 antiqui·

164 2920 215 2984 tue
238 2920 343 2987 eodem
365 2920 456 2984 modo
485 2919 617 3002 scriptos
642 2919 737 2985 luisse
770 2919 912 2999 vidimus,
948 2938 1008 3002 quo
1039 2920 1072 2984 in
1106 2917 1260 2984 codicibus

164 3029 278 3094 uostris
309 3028 445 3093 exstant:
480 3028 660 3093 Wheelerus
690 3027 789 3110 igitur
817 3029 929 3094 audaci
954 3029 1007 3094 sed
1034 3027 1116 3093 felici
1143 3027 1261 3109 impetn

166 3155 195 3202 v.
220 3137 341 3200 11-15
366 3135 506 3216 Euripidi
529 3134 730 3201 abiudicavit.
774 3135 888 3202 Fateor
912 3138 1081 3220 meipsum
1111 3137 1165 3201 diu
1197 3154 1261 3202 esse

166 3245 324 3310 obnieum:
345 3261 428 3308 nunc
448 3243 529 3308 idem
551 3245 650 3310 sentio
674 3245 754 3327 quod
767 3246 954 3311 Wheelerus.
998 3245 1157 3312 Placuisse
1177 3245 1260 3310 enim

165 3353 306 3419 Medeam
327 3351 496 3418 Corinthiis
520 3352 655 3435 primum
685 3353 725 3438 (si
747 3353 872 3436 quidem
899 3354 949 3418 bic
970 3372 1059 3420 verm
1087 3355 1260 3448 sensusest

165 3481 194 3526 v.
218 3459 278 3544 12),
302 3463 407 3543 postea
429 3461 621 3543 displicuisse
643 3463 675 3528 in
698 3462 804 3529 fabula
825 3462 893 3544 ipsa
915 3481 976 3528 non
997 3462 1156 3537 audimue3
1188 3480 1261 3528 con·
1312 3533 1314 3537 ,

165 3571 295 3637 sensisse
316 3570 408 3636 antea
431 3589 501 3636 cum
523 3570 638 3636 merito
653 3571 743 3636 docet
757 3589 785 3634 v.
799 3573 827 3649 8,
851 3589 943 3653 quern
957 3571 1026 3636 ideo
1039 3571 1162 3636 insueto
1177 3589 1261 3636 more

164 3679 268 3764 posuit
282 3679 452 3761 Euripides,
477 3679 560 3762 quod
582 3698 642 3744 non
659 3679 759 3744 solum
776 3680 814 3745 ad
831 3680 1071 3762 praecedentem,
1095 3680 1149 3745 sod
1165 3681 1259 3746 etiam

163 3790 203 3856 ad
214 3790 426 3872 insequentem
437 3788 621 3854 sententiam
636 3789 770 3871 pertinet
782 3787 835 3872 (cf.
850 3790 911 3855 483
926 3807 972 3872 eq.
986 3790 1049 3854 506
1060 3807 1104 3870 sq.
1116 3788 1260 3872 Apollod.

163 3899 236 3976 19,
263 3895 327 3978 27).
370 3897 421 3963 Ad
452 3897 534 3961 hunc
566 3897 665 3980 igitur
694 3897 870 3972 referendus
905 3898 952 3962 est
984 3917 1013 3963 r.
1037 3899 1084 3963 16.
1127 3897 1261 3963 Maxime

164 4007 269 4070 autem
299 4005 428 4088 gaudeo,
464 4005 546 4088 quod
573 4006 635 4071 ista
665 4007 842 4072 coniectura
872 4009 1064 4072 evanuerunt
1085 4025 1114 4071 v.
1139 4007 1186 4070 14.
1211 4006 1259 4070 15.

139 4101 360 4180 ¹Eiusmodi
387 4114 480 4179 enim
507 4115 720 4180 sententiae
742 4115 923 4196 leguntur
951 4114 1137 4198 incapite
1164 4114 1200 4178 et
1220 4114 1259 4178 in

163 4221 238 4287 fine
274 4225 530 4308 prologorum‚
565 4225 667 4290 intra
704 4225 805 4307 ipsos
838 4225 1018 4308 prologos
1049 4242 1258 4307 nunquam.

164 4330 264 4412 Quam
288 4332 388 4416 legem
410 4333 608 4416 Euripideam
636 4351 697 4398 non
725 4333 765 4399 ad
794 4332 954 4400 libidinem
983 4334 1109 4412 factam,
1143 4331 1195 4396 sed
1224 4350 1260 4397 ex
