3170 5134
816 461 851 516 94

212 621 216 629 ’
287 631 438 700 traditam
459 631 622 700 lectionem
637 653 667 698 v.
683 635 724 699 84
739 653 849 700 sanare
869 634 993 716 possim,
1012 633 1051 698 ad
1068 631 1245 699 Calchantis
1258 653 1384 717 respon·

288 759 355 806 sum
379 741 498 820 accedo,
521 760 582 824 quo
596 741 862 824 Agamemnonem
884 742 1045 807 immolare
1068 741 1261 824 Iphigeniam
1282 744 1384 810 iubet:

386 875 427 939 89
470 868 602 954 Κάλχας
620 873 648 938 δ’
673 867 691 938 ὁ
713 870 827 956 μάντις
846 864 971 959 ἀπορίᾳ
993 873 1201 958 κεχρημένοις

385 984 427 1048 90
468 975 595 1048 ἀνεῖλεν
616 975 809 1069 Ἰφιγένειαν,
835 975 873 1068 ἣν
896 979 1022 1065 ἔσπειρ’
1046 977 1117 1068 ἐγώ,

468 1084 635 1175 Ἀρτέμιδι
658 1093 761 1158 θῦσαι
782 1101 822 1182 τῇ
843 1087 911 1158 τόδ’
937 1087 1070 1180 οἰκούσῃ
1095 1093 1206 1173 πέδον,

468 1202 522 1266 καὶ
543 1201 649 1267 πλοῦν
670 1201 698 1264 τ’
723 1197 862 1267 ἔσεσθαι
882 1201 936 1266 καὶ
957 1197 1169 1288 κατασκαφᾶς
1179 1207 1203 1283 ¹)
1228 1205 1363 1286 Φρυγῶν

468 1307 601 1391 θύσασι,
623 1305 668 1398 μὴ
690 1306 813 1376 θύσασι
833 1309 861 1374 d'
884 1301 943 1375 oria
964 1302 1048 1375 εἶναι
1068 1305 1154 1376 τάδε.

286 1447 481 1513 Postremum
504 1447 615 1511 horum
636 1465 781 1511 versuum
802 1447 842 1528 N.
864 1447 1035 1512 rectissime
1055 1448 1179 1527 delerit,
1213 1449 1263 1513 cni
1284 1449 1383 1514 adsti-

286 1555 413 1637 pulatur
447 1573 616 1636 causasque
646 1555 770 1637 exponit
799 1555 974 1638 Hennigins
1002 1557 1023 1621 l.
1051 1557 1073 1621 l.
1104 1576 1133 1638 p.
1164 1558 1205 1620 33
1226 1575 1271 1639 sq.
1322 1556 1382 1622 Sed

286 1682 392 1729 vercor
413 1681 451 1727 na
471 1663 525 1729 ille
546 1681 652 1728 versus
674 1663 769 1729 etiam
791 1665 1021 1746 praecedentem
1043 1683 1147 1729 secum
1161 1666 1194 1728 in
1216 1665 1382 1746 perniciem

286 1773 402 1839 trahat.
445 1773 528 1837 Puto
550 1773 632 1837 enim
654 1773 709 1837 hos
731 1773 806 1838 duos
835 1775 874 1838 ab
896 1792 958 1838 uno
980 1773 1145 1857 codemque
1166 1775 1289 1840 homine
1311 1793 1383 1857 pro-

286 1881 382 1948 fectos
404 1901 477 1956 esse,
500 1882 560 1947 nisi
575 1883 658 1964 quod
678 1884 762 1965 prior
776 1883 881 1965 paullo
895 1883 1005 1948 melior
1019 1883 1127 1948 evasit.
1157 1881 1264 1948 Gertas
1277 1885 1381 1948 auum

285 1992 383 2056 habco
406 2009 523 2056 causas.
566 1992 665 2074 Legas
686 1991 780 2057 velim
802 1993 902 2056 totam
926 1991 1111 2057 sententiam
1138 1993 1252 2057 omisso
1274 2012 1303 2056 v.
1325 1993 1382 2068 93;

287 2118 386 2165 nonne
407 2101 466 2165 tibi
488 2119 517 2165 v.
539 2101 580 2164 92
601 2101 717 2164 mirum
740 2101 891 2183 quantum
921 2100 1095 2166 claudicare
1127 2101 1269 2166 ridetur?
1310 2102 1383 2166 Fal-

285 2226 354 2272 sum
377 2210 482 2273 autem
504 2210 551 2273 cst
573 2203 782 2292 κατασκαφὰς
808 2210 991 2291 Φρυγῶν’);
1015 2209 1097 2290 qnod
1118 2209 1145 2273 si
1159 2208 1285 2274 dixisset
1308 2209 1380 2274 (lal-

287 2318 369 2396 chas,
396 2317 466 2400 plus
487 2318 694 2400 respondisset
716 2336 810 2400 qnam
825 2316 907 2400 quod
923 2319 1114 2399 Agamemno
1128 2319 1304 2402 rogaverat,
1327 2319 1382 2401 qni

284 2427 390 2492 umen
412 2426 489 2490 mihi
512 2428 620 2490 ratum
643 2427 674 2490 et
695 2427 891 2491 oraculorum
918 2444 985 2490 mos
1010 2426 1104 2490 fuisse
1130 2445 1192 2491 non
1215 2427 1381 2521 rideturll.

284 2535 387 2603 Verba
416 2536 499 2600 locta
525 2535 697 2618 expiscatus
728 2539 774 2600 est
803 2534 1007 2617 interpolator
1033 2555 1068 2600 cr
1092 2536 1184 2600 huius
1206 2535 1330 2602 fabulae
1350 2555 1381 2601 v.

287 2647 377 2712 1379.
421 2644 532 2710 Deleto
555 2646 657 2710 autem
680 2645 776 2710 etiam
808 2647 864 2710 illo
886 2665 985 2725 versu,
1019 2664 1109 2729 quem
1143 2663 1213 2710 cum
1241 2645 1379 2726 sequent·

285 2754 392 2819 eadem
413 2753 451 2820 de
473 2773 575 2834 cansa,
600 2773 662 2846 qua
687 2757 811 2820 77—79
830 2755 972 2820 additum
995 2755 1144 2837 videmus,
1176 2752 1381 2835 pulcherrime

285 2864 389 2945 pergit
414 2864 514 2928 oratio
537 2865 744 2948 llnripidca⁴).
778 2901 816 2910 —
849 2865 908 2931 Sed
931 2865 1006 2947 quid
1028 2865 1097 2946 post
1119 2882 1149 2929 r.
1172 2864 1231 2926 100
1254 2862 1381 2927 retineri

285 2973 391 3056 possit,
424 2973 511 3038 dictu
537 2974 759 3040 difficillimum
786 2975 841 3040 est.
884 2975 1028 3040 Fortasse
1060 2971 1219 3055 Euripidei
1250 2971 1323 3036 sunt
1350 2989 1380 3035 r.

286 3083 469 3160 101—103;
501 3084 607 3148 tamen
633 3084 838 3166 suspicionem
862 3084 966 3149 movet
991 3083 1119 3149 verbum
1143 3078 1380 3163 ἓκγοιοροῦοθαι

284 3209 439 3272 nusquam
468 3191 545 3258 alibi
573 3192 698 3257 lectum.
741 3192 852 3257 Falsus
879 3193 926 3256 cst
953 3192 1111 3274 praeterea
1137 3190 1265 3269 v.105;
1298 3189 1380 3271 qnod

286 3318 355 3364 cum
377 3299 617 3365 demonstrasset
638 3300 814 3383 Hennigins
835 3301 857 3364 l.
879 3301 900 3364 l.
924 3320 953 3382 p.
975 3301 1016 3364 34
1037 3319 1093 3381 sq.‚
1125 3298 1302 3363 coniectura
1324 3315 1381 3361 sua

319 3479 483 3486 ..Ἣ

385 3576 413 3648 l)
431 3575 477 3632 Sic
502 3576 562 3632 Pal.
590 3578 626 3633 ab
653 3579 743 3634 alters
770 3595 867 3647 mann;
899 3573 1077 3650 κατασφαγεὶς
1105 3578 1189 3634 Laur.
1213 3583 1246 3641 ¹et
1274 3578 1333 3633 Pal.
1364 3595 1382 3632 a

285 3673 377 3742 prima
395 3691 487 3728 manu.

384 3772 412 3840 2)
430 3768 612 3843 κατασφαγεὶς
628 3771 747 3842 Φρυγῶν
764 3789 877 3840 prorsus
895 3772 1046 3828 absurdum
1064 3777 1114 3828 est.

386 3867 415 3938 3)
434 3866 475 3922 cf.
495 3867 652 3922 Calchantis
670 3868 836 3922 vaticinium
853 3869 913 3938 lph.
934 3868 1017 3923 Tanr.
1040 3871 1072 3922 18
1084 3885 1126 3936 sq.

383 3963 412 4031 4)
431 3963 550 4019 Omnino
568 3981 625 4018 non
642 3963 783 4034 intellego,
813 3965 950 4034 quomodo
971 3964 1140 4034 Dindorfius,
1170 3981 1287 4033 quocum
1306 3963 1376 4018 facit

286 4057 440 4128 Hennigius
459 4059 514 4114 hl.
532 4077 560 4129 p.
579 4061 623 4128 43,
651 4061 806 4115 orationem
823 4061 905 4113 huius
922 4061 1033 4130 prologi
1055 4061 1144 4130 magis
1161 4060 1318 4130 pedestrem
1337 4059 1379 4112 di-

287 4171 348 4208 cere
366 4155 462 4223 possit,
491 4173 574 4225 quam
592 4155 712 4210 aliorum
730 4158 919 4226 prologorum.
958 4157 1029 4210 Mihi
1049 4157 1160 4225 quidem
1182 4156 1258 4210 hand
1279 4157 1375 4226 paucis

286 4251 402 4320 poeticis
419 4251 571 4305 luminibus
588 4252 723 4308 distincta
740 4254 853 4308 videtur
872 4253 917 4320 (cf.
935 4271 961 4308 v.
980 4255 1013 4306 51
1033 4271 1072 4322 sq.
1093 4255 1135 4308 70.
1153 4255 1187 4306 ⁷3
1205 4271 1245 4322 sq.
1266 4255 1302 4306 80
1314 4254 1377 4322 sq.),

286 4347 327 4401 ita
344 4351 377 4400 ut
395 4347 469 4404 hunc
486 4349 634 4419 prologum
652 4350 681 4403 in
704 4351 852 4405 meliorum
873 4367 1019 4404 numerum
1042 4349 1146 4405 referre
1166 4367 1223 4405 non
1242 4350 1380 4405 dubitem.
