3124 5138
714 475 731 527 7

177 644 385 712 nilestaretur.
428 644 497 712 Sed
526 645 617 730 quid
644 645 793 728 legibus
823 643 911 710 istis
932 663 1036 710 nune
1058 644 1188 727 opinor
1208 663 1269 710 ne-

176 753 268 820 mini
291 772 362 819 nou
384 755 554 820 molestis
576 754 773 838 Euripides
796 753 971 832 voluerit,
998 753 1043 818 ad
1063 753 1268 818 arbitrium

178 861 305 945 quivis
336 863 484 928 statuat
516 863 622 930 licet:
660 863 760 944 leges
788 861 889 944 ipsas
915 881 993 926 eum
1021 880 1127 933 nosse
1152 861 1268 939 decet,

177 971 241 1054 qui
271 951 487 1052 'Euripidem
519 971 748 1055 intellegere
781 969 913 1053 cupit.“
959 970 1069 1052 ltaque
1099 970 1125 1035 si
1154 989 1211 1054 ego
1231 970 1269 1035 de

176 1079 244 1146 arte
269 1074 467 1162 prologorum
490 1079 726 1162 Euripideorum
753 1079 926 1161 scripturus
952 1097 1029 1157 sum,
1064 1079 1128 1144 noli
1148 1097 1269 1162 exspec-

176 1190 243 1255 tare
268 1207 318 1254 me
344 1188 445 1254 multe
472 1188 509 1254 de
538 1188 766 1271 pulchritudine
798 1189 853 1253 aut
882 1188 919 1253 de
945 1187 1137 1253 absurditate
1163 1206 1268 1253 eorum

177 1297 422 1382 disputaturum:
454 1299 566 1362 immo
586 1298 626 1363 ut
647 1297 881 1381 philologum
903 1297 923 1362 i.
940 1315 965 1362 e.
981 1295 1269 1378 grammaticum

177 1407 290 1486 decet,
313 1425 373 1472 eas
394 1406 553 1472 studebo
575 1406 756 1490 indagare
776 1406 886 1489 leges,
911 1405 1046 1488 quibus
1068 1403 1269 1488 Euripides

176 1515 214 1580 in
253 1514 425 1599 prologis
470 1513 739 1595 componendis
781 1531 823 1579 se
868 1513 1137 1590 adstrinxerit3
1189 1513 1269 1578 unde

177 1619 272 1691 etiam
297 1622 536 1704 „aestbeticum“
561 1623 643 1706 quod
673 1623 802 1689 vocatur
828 1622 979 1688 iudicium
1013 1641 1106 1706 quam
1137 1621 1270 1688 maxime

176 1732 296 1816 pendet.

254 1910 256 1913 ,
275 1838 336 1906 Sed
353 1838 391 1904 ut
410 1858 461 1904 eas
480 1833 557 1924 quas
575 1839 638 1904 dixi
658 1839 742 1922 leges
760 1841 842 1906 recte
862 1839 1094 1924 investigemus,
1115 1839 1179 1905 alia
1203 1857 1270 1904 sus-

178 1946 318 2030 cipienda
350 1948 397 2013 est
430 1967 531 2030 opere.
575 1947 684 2014 Sciunt
714 1947 795 2012 euim
826 1967 929 2014 omnes
956 1949 1027 2032 post
1048 1948 1270 2014 Phoenissase

177 2055 399 2122 Valckenaerio
433 2055 532 2122 editas
563 2057 758 2139 maximeque
785 2057 854 2139 post
881 2057 996 2122 librum
1029 2057 1066 2122 de
1092 2055 1270 2138 tragoediae

177 2163 313 2230 Graecae
334 2164 524 2248 principibus
551 2163 744 2231 eBoeekhio
773 2164 922 2249 scripturn
945 2145 1068 2232 fabulas
1089 2163 1270 2248 Euripideas

178 2289 292 2354 magno
313 2273 489 2356 spuriorum
511 2292 655 2338 versuum
676 2293 803 2340 numero
824 2292 889 2340 esse
904 2275 1039 2340 obrutas.
1070 2273 1142 2339 Non
1157 2291 1270 2356 paucas

178 2382 282 2447 autem
304 2382 555 2465 interpolationes
580 2384 652 2448 ante
672 2383 772 2466 ipsam
795 2383 895 2466 legem
921 2383 1113 2468 Lycurgeam
1135 2401 1200 2448 esse
1221 2381 1271 2447 in·

177 2491 279 2556 trusas
300 2490 375 2556 haec
396 2491 463 2573 ipsa
484 2471 536 2556 len
554 2491 643 2558 testis
670 2491 725 2556 est.
769 2491 904 2558 Maxime
926 2511 997 2557 vero
1024 2491 1146 2576 prologi
1173 2492 1270 2556 inter-

176 2598 350 2683 polatorum
373 2599 497 2665 libidini
519 2600 603 2665 fruere
626 2600 769 2683 expositi;
792 2619 865 2666 nam
883 2604 914 2666 et
929 2600 1113 2666 facillimum
1132 2601 1199 2666 eret
1214 2599 1270 2664 has

176 2708 368 2773 narrationes
390 2709 466 2773 satis
488 2708 668 2792 plerumque
689 2709 843 2792 pedestres
871 2708 1017 2775 scientiae
1045 2709 1186 2776 frustulis
1214 2728 1270 2774 au-

176 2836 256 2902 gere,
287 2818 466 2899 praesertim
489 2836 560 2882 cum
581 2817 706 2883 fabulae
727 2817 811 2900 ipsae
830 2818 1055 2899 amplissimam
1077 2836 1180 2883 rerum
1203 2835 1270 2884 ma·

175 2923 287 2991 teriam
308 2925 497 3009 praeberent,
521 2945 576 2990 neo
597 2925 708 2992 desunt
728 2945 867 3009 expressa
887 2928 1027 2993 veterum
1048 2926 1270 3010 grammatico-

176 3051 245 3097 rum
272 3033 451 3099 testimonia
484 3033 600 3116 (Sobel.
623 3035 721 3100 Andr.
746 3037 774 3102 7.
799 3035 876 3120 Arg.
899 3035 1014 3118 Rhea).
1055 3035 1167 3118 Itaque
1194 3052 1269 3118 opus

176 3142 232 3219 est,
266 3142 303 3205 ut
327 3142 353 3206 is
378 3141 432 3225 qui
453 3143 490 3208 de
517 3143 585 3210 arte
603 3145 803 3230 prologorum
824 3145 1061 3229 Euripideorum
1084 3144 1165 3209 recte
1186 3143 1269 3208 volet

175 3249 323 3331 iudicare,
361 3270 455 3335 quam
487 3254 718 3318 accuratissime
751 3254 890 3338 singulos
917 3254 1060 3338 prologos
1094 3252 1270 3336 percenseat

176 3359 216 3443 et,
237 3360 389 3442 quantum
410 3360 478 3426 ficri
500 3363 609 3444 potest,
633 3363 737 3445 spuria
760 3364 846 3429 notet
859 3363 1020 3446 tolletque.
1052 3363 1090 3428 In
1105 3380 1166 3446 quo
1181 3378 1270 3444 opere

176 3466 363 3534 difficillimo
384 3470 460 3536 satis
484 3469 547 3536 acio
569 3491 618 3536 me
640 3471 723 3537 baud
744 3491 842 3556 pauca
864 3472 1067 3551 statuturum‚
1089 3489 1168 3554 quae
1187 3471 1270 3535 viro·

175 3593 244 3642 rum
267 3575 428 3643 doctorum
451 3596 631 3644 consensum
653 3599 714 3646 non
736 3581 850 3662 ferant3
875 3580 909 3646 at
931 3580 1047 3646 multas
1070 3579 1269 3645 difficultates

176 3703 254 3767 quae
286 3685 388 3752 adhuc
414 3686 574 3770 neglectae
598 3686 758 3752 latuerunt
789 3706 838 3753 me
868 3687 902 3752 in
933 3687 1032 3753 lucem
1065 3687 1268 3770 prolaturum,

175 3794 340 3860 nonnullas
362 3794 575 3876 expediturum
598 3795 675 3860 mibi
697 3815 875 3878 persuasum
898 3796 953 3862 est.

275 3901 320 3966 lix
343 3902 381 3966 iis
408 3904 512 3968 autem
541 3923 620 3987 quae
648 3923 741 3986 supra
762 3905 919 3987 disputavi
935 3905 1035 3971 etiam
1062 3923 1165 3971 rerum
1194 3905 1268 3970 ordo

176 4028 237 4092 quo
258 4010 291 4074 in
313 4010 372 4076 hac
393 4012 652 4078 commentatione
674 4030 785 4078 usurus
807 4032 885 4094 aum,
920 4014 995 4080 satis
1017 4014 1160 4098 apparet:
1194 4031 1267 4079 con·

174 4118 305 4184 trariam
327 4118 409 4184 enim
431 4119 515 4185 viam
534 4120 690 4204 ingressus
714 4121 742 4186 ei
764 4141 857 4204 quem
881 4122 933 4205 qui
956 4122 1057 4187 adbuc
1079 4123 1116 4188 de
1132 4121 1267 4205 prologis

174 4227 346 4310 Euripideis
375 4228 584 4294 disseruerunt
612 4229 690 4323 inire
722 4229 871 4310 solebant,
905 4230 1039 4314 primum
1071 4230 1267 4314 singularum

174 4335 351 4404 fabularum
373 4339 517 4422 prologos
533 4339 680 4420 temporis
694 4339 815 4406 ratione
829 4339 937 4407 habita
952 4338 1133 4422 percensebo
1148 4339 1268 4422 etquid
