3170 5134
181 632 340 714 quaestio,
361 635 584 700 utrumrersus
599 635 640 700 76
655 636 774 702 tradita
793 636 894 702 forma
916 637 1034 702 seruari
1046 637 1154 720 possit,
1175 657 1278 706 necne.

179 740 265 804 Mihi
285 741 409 823 quidem
425 743 625 826 participium
638 739 757 824 λαβών,
776 747 942 828 postquam
956 740 1180 828 ἐξαναρπάσας
1193 767 1282 830 prae·

178 850 286 928 cessit.
308 850 456 934 languere
477 855 509 916 et
528 872 592 918 una
614 873 684 918 cum
703 855 883 936 insequente
907 856 1062 920 sententia
1081 857 1279 922 resecandum

177 959 317 1024 ridetur.
351 961 434 1026 Puto
454 965 560 1026 autem
581 982 632 1027 me
652 963 810 1046 Euripidis
831 983 959 1030 manum
982 965 1152 1048 restituere,
1172 965 1199 1030 si
1216 965 1280 1030 col·

176 1066 250 1132 lato
272 1068 365 1133 huius
387 1070 512 1136 fabulae
533 1091 562 1136 v.
582 1072 645 1136 419
664 1067 780 1154 χρόνον
801 1069 940 1136 παλαιὸν
960 1065 1121 1152 δωμάτων
1140 1072 1280 1158 ἔκδημος

177 1164 228 1240 ὤν
252 1178 370 1244 scribo:

292 1310 418 1396 ‘mee-qv
437 1307 524 1394 πρὸς
536 1302 622 1398 Ἴδης
643 1311 832 1395 βούσταθμ’
856 1310 997 1399 ἔνδημον
1017 1309 1155 1396 δόμων,

174 1445 276 1528 quod,
302 1446 425 1529 siquid
447 1448 546 1530 uideo,
575 1467 637 1514 non
658 1450 759 1514 solnm
781 1468 854 1514 cum
872 1449 1024 1514 uocabulo
1044 1443 1194 1534 ἔκδημον,
1224 1450 1278 1516 sed

174 1555 278 1619 etiam
299 1574 370 1619 cum
393 1551 618 1638 ἐξαναρπάσας
625 1558 649 1640 ¹)
669 1541 793 1640 egregie
813 1558 980 1640 conspirat.
1021 1559 1091 1624 lum
1115 1560 1188 1624 hene
1209 1562 1278 1643 post

175 1683 207 1728 v.
234 1666 276 1728 76
297 1665 437 1746 sequitur
455 1667 523 1748 ipsa
545 1665 735 1732 Graecorum
756 1665 924 1748 expeditio:
956 1666 1169 1749 interpolator,
1202 1669 1276 1752 quin

174 1773 309 1838 adderet
323 1775 456 1840 Menelai
476 1775 695 1854 evocationem,
718 1795 813 1857 quam
835 1775 974 1840 omisisse
995 1775 1158 1841 uidebatur
1177 1779 1277 1860 poeta

175 1883 337 1948 abstinere
358 1903 420 1948 non
441 1885 552 1966 potnit.
566 1922 608 1930 -
622 1885 731 1966 Neque
752 1883 858 1950 celabo
873 1884 1087 1967 suspicionem,
1107 1886 1277 1968 quaemihi

174 1990 217 2056 de
241 2011 270 2056 u.
292 1994 334 2058 80
354 1993 475 2058 incidit.
518 1994 630 2059 Nonne
651 1995 817 2076 postquam
837 1993 957 2058 dictum
978 1996 1025 2058 est
1047 1983 1181 2082 ᾄξαντες
1203 1994 1278 2078 δορί

174 2102 375 2185 tautologiae
395 2103 496 2168 simile
515 2105 562 2168 eet
583 2097 677 2186 τεύχη
703 2097 877 2183 duplorum?
920 2104 1004 2168 Nam
1030 2097 1125 2188 τεῦχη
1152 2123 1274 2170 omnem

175 2210 345 2293 complecti
366 2211 503 2276 militum
524 2213 716 2278 armaturam
738 2213 815 2277 satis
843 2213 966 2278 constat
999 2211 1052 2296 (cf.
1075 2213 1187 2278 Troad.
1211 2215 1273 2296 11).

175 2321 240 2386 Sed
260 2321 320 2386 hoc
340 2322 470 2386 fortasse
491 2321 667 2397 tolerabile;
687 2323 815 2405 gravius
836 2323 891 2400 ost,
914 2321 996 2405 quod
1013 2321 1139 2388 Graecis
1161 2321 1274 2412 ᾄσσειν

174 2428 255 2512 δορί
284 2429 370 2494 aliud
400 2431 501 2508 sonat,
533 2447 627 2510 quam
658 2430 741 2513 quod
766 2435 872 2496 nostro
898 2431 966 2496 loco
987 2432 1197 2513 exspectamus
1220 2432 1273 2514 (ci.

176 2539 274 2604 Hom.
292 2525 385 2604 (9⁶88.
401 2542 436 2602 K
454 2541 527 2604 456.
553 2543 588 2601 Λ
604 2541 675 2606 484.
698 2540 772 2604 Eur.
793 2540 910 2606 Phoeu.
934 2538 1038 2621 1382).
1074 2540 1179 2622 Atque
1199 2541 1272 2606 Ari·

174 2648 304 2712 stoteles
329 2651 385 2713 aut
404 2647 573 2730 discipulus
595 2648 721 2730 quidam
745 2647 810 2712 eius
831 2649 922 2712 Rhet.
943 2649 994 2713 ΠΙ
1012 2649 1048 2712 11
1072 2668 1101 2730 p.
1118 2649 1217 2713 1411b
1231 2651 1273 2713 30

175 2756 276 2822 Beklr.
299 2758 379 2824 hanc
402 2757 493 2823 affert
513 2776 618 2822 uersus
637 2757 737 2822 nostri
756 2756 906 2822 formam:

362 2881 559 2955 τοῦπεῦθεν
579 2875 641 2955 οὖν
655 2885 806 2975 Ἓλληνες
826 2880 961 2978 ᾇξανιες
980 2889 1090 2970 ποσίν,

176 3043 260 3107 quae
282 3025 356 3106 quin
378 3025 513 3107 genuina
534 3025 577 3089 sit
598 3025 637 3089 iis
657 3024 696 3090 de
717 3025 827 3108 causis,
855 3044 932 3108 quas
953 3043 1045 3107 supra
1065 3025 1199 3106 exposui,
1223 3027 1273 3090 vir
1366 3050 1376 3058 ·

176 3133 336 3208 dubitem;
368 3133 548 3215 praesertim
577 3151 649 3198 cum
671 3131 812 3214 Euripidi
841 3131 1027 3198 vocabulum
1055 3126 1143 3209 πούς
1168 3134 1214 3198 itu
1239 3134 1270 3198 in

176 3241 298 3307 deliciis
320 3242 424 3323 fuerit,
456 3241 493 3304 ut
519 3239 708 3304 comicorum
732 3239 903 3304 ludibrium
925 3257 986 3303 non
1007 3239 1100 3304 semel
1124 3258 1273 3321 provoca·

177 3352 270 3416 verit.
305 3387 345 3397 —
378 3351 416 3414 V.
439 3351 480 3413 83
512 3368 581 3413 cum
608 3349 786 3414 Hermanno
815 3348 846 3413 et
874 3348 1051 3430 Hartungo‚
1084 3349 1137 3430 qui
1167 3349 1272 3414 tamen

177 3461 285 3541 postea
306 3459 491 3525 sententiam
512 3459 657 3536 mutavit,
680 3458 775 3523 deleo.
803 3458 908 3523 Unum
922 3459 1143 3540 argumentum
1156 3459 1271 3523 rectam

178 3587 243 3634 esse
265 3570 345 3634 hanc
368 3569 576 3634 coniecturam
597 3566 841 3632 luculentissime
862 3566 990 3632 evincit:
1016 3559 1111 3648 ὁμοῦ,
1134 3567 1216 3649 quod
1238 3567 1270 3630 in

180 3676 239 3742 fine
262 3696 366 3742 versus
388 3676 597 3759 praecedentis
610 3677 753 3758 legimus,
778 3674 852 3741 addi
866 3675 1037 3758 quidquam
1056 3695 1116 3741 non
1138 3676 1271 3759 petitum

181 3784 292 3851 ναυσίν
306 3786 345 3851 ad
367 3787 496 3852 classem
512 3783 709 3863 Graecorum,
731 3775 867 3848 ἀσπίσιν
887 3784 927 3848 ad
950 3784 1117 3850 exercitum
1138 3784 1270 3850 referen-

180 3893 253 3960 dum
276 3897 322 3960 est
344 3894 398 3977 (cf.
421 3895 535 3959 Phoeu.
552 3895 600 3959 78.
622 3893 745 3958 Heracl.
758 3894 844 3976 932).
863 3929 896 3944 -
916 3892 993 3958 Cum
1015 3912 1053 3959 ne
1074 3912 1130 3977 ego
1145 3893 1269 3976 quidem

280 4160 306 4228 1)
325 4157 390 4214 Noli
407 4157 460 4212 hoc
477 4158 580 4212 lectum
597 4156 772 4224 uocabulum,
788 4154 865 4222 quod
877 4154 1025 4224 Euripides
1044 4154 1073 4208 in
1090 4171 1171 4208 suum
1188 4170 1268 4206 usum

180 4254 337 4320 procudisse
355 4254 476 4320 videtur,
501 4254 659 4324 neglegere:
688 4247 742 4306 ἀνά
765 4252 801 4306 ad
819 4251 905 4307 verba
923 4247 991 4320 πρὸς
1002 4243 1078 4316 Ἴδης
1095 4244 1269 4319 βούσταθμα,

182 4349 209 4408 ἐξ
224 4351 259 4405 ad
277 4351 400 4423 ἔκδημον
417 4346 514 4421 δόμων
532 4351 662 4420 pertinet.
699 4349 789 4420 Legae
806 4348 891 4402 velim
909 4347 970 4401 Hel.
992 4347 1174 4400 ludo—1566.
