3170 5134
695 459 728 514 81

166 631 300 712 partem;
323 630 489 695 narrantur
512 647 559 694 363
582 629 620 694 ad
644 615 721 712 quas
745 628 820 712 quid
842 629 1010 694 referamus
1031 630 1064 694 in
1087 630 1194 696 ceteris
1216 631 1231 696 f
1249 667 1263 678 -

30 813 31 820 ,
164 738 258 803 bulee
282 737 422 820 partibus
451 755 513 801 non
543 737 726 801 invenimus.
770 736 882 818 Qualia
915 737 1017 801 autem
1051 738 1124 802 sunt
1154 741 1261 806 verba!

166 837 244 932 ὀρχῇ
271 866 300 910 3.
323 846 362 910 51
391 845 441 910 313
471 846 572 927 potest
601 845 759 928 intellegi3
791 839 929 928 συνάψω
963 844 1082 910 obiecto
1115 864 1261 928 personae

165 973 256 1038 aegre
287 955 385 1030 caret,
419 948 561 1037 μαινάσι,
593 955 699 1020 utrum
728 974 798 1020 curn
830 956 923 1022 verbo
953 950 1091 1038 συνάψω
1124 975 1164 1022 an
1191 976 1260 1022 cum

164 1062 392 1147 στρατηλατᾶν
417 1063 596 1146 coniungas,
626 1083 686 1129 non
709 1065 817 1129 statim
837 1066 975 1147 apparet.
1019 1064 1172 1130 Secuntur
1193 1085 1262 1131 363·-

163 1190 215 1237 333
241 1172 365 1254 pessimi
394 1173 443 1236 53.
470 1173 519 1250 54,
552 1172 663 1254 quibus
692 1172 740 1237 bis
769 1173 901 1239 iteratur
928 1173 1009 1255 quod
1040 1175 1111 1238 3.4
1141 1174 1261 1239 dictum

163 1281 240 1346 6331.
293 1281 370 1346 Inde
403 1301 421 1346 a
451 1301 480 1346 3.
508 1282 548 1345 55
580 1281 690 1347 melior
722 1283 833 1365 incipit
866 1299 1010 1348 uersuum
1044 1282 1134 1349 ordo:
1171 1284 1261 1350 Liber

162 1391 251 1472 parer
273 1391 615 1456 accelerandorum
637 1391 832 1475 33333333,
863 1392 899 1455 ur
920 1391 961 1457 ae
982 1370 1112 1456 3136333
1134 1392 1259 1458 romum

162 1499 319 1581 tympanis
351 1500 525 1565 concinant.
570 1501 686 1565 Tamen
713 1500 808 1566 etiam
831 1501 885 1564 hos
911 1501 951 1566 ab
972 1500 1119 1583 Euripide
1145 1501 1261 1566 alienos

162 1625 228 1672 esse
250 1608 328 1672 mihi
349 1628 529 1690 persuasum
553 1611 607 1675 est.
651 1609 879 1674 Difficultetem
909 1608 1001 1673 huius
1024 1609 1086 1674 loci
1114 1609 1261 1692 cognovit

162 1716 366 1796 Wecklinius‚
382 1753 385 1760 ·
400 1719 454 1800 qui
476 1718 551 1784 13666
572 1718 704 1784 adnotat
729 1718 769 1783 ad
797 1738 826 1783 3.
850 1719 904 1782 55:
952 1716 1038 1798 „Der
1059 1717 1187 1802 Εἱααιιμ
1208 1717 1261 1784 des

161 1824 401 1890 Balcctcachors
420 1826 475 1892 hot
495 1827 568 1892 eden
591 1827 757 1910 16963363.
788 1825 949 1910 Dionysos
964 1827 1053 1896 redet
1073 1827 1119 1891 sie
1139 1847 1191 1910 σα,
1211 1845 1259 1892 so·

163 1933 239 1998 eald
260 1955 294 1998 er
316 1933 402 1999 ihrer
423 1936 578 2020 6331613119
599 1937 688 2002 wird.
722 1935 790 2002 Der
808 1935 893 2000 Olor
913 1937 955 2001 c'st
976 1935 1042 2002 sict
1056 1937 1169 2001 (133336
1186 1935 1261 2000 iiber

162 2044 222 2108 dos
244 2043 347 2108 wohre
364 2043 475 2110 Wesea
490 2046 543 2110 des
561 2045 719 2128 Dionysos
740 2044 825 2111 316131
845 2043 917 2110 lotor
937 2044 1005 2110 ond
1027 2043 1192 2110 betraettet
1205 2044 1261 2110 iba

161 2175 225 2218 aar
251 2153 301 2218 als
327 2156 415 2220 61363
441 2155 620 2221 Vertdrrder
643 2157 696 2222 des
719 2155 851 2222 (161163.κ
897 2156 993 2220 Recte
1024 2155 1077 2219 ille
1108 2152 1260 2220 intellexit

162 2263 292 2327 chorum
307 2261 378 2327 inde
394 2263 433 2327 ab
454 2263 546 2328 initio
568 2264 700 2347 fabulae,
723 2263 814 2328 sicuti
829 2263 861 2326 in
874 2262 1079 2346 supplicibus,
1101 2262 1134 2326 in
1150 2281 1259 2328 scaeua

30 2445 31 2456 χ
161 2391 226 2436 6336
260 2391 321 2436 non
351 2390 451 2454 posse3
489 2373 593 2438 adesse
624 2373 714 2438 debet
741 2373 819 2451 tum,
853 2392 922 2437 cum
950 2371 1091 2437 Bacchus
1120 2371 1261 2454 loquitur

162 2499 189 2545 3.
214 2482 267 2545 55.
309 2482 352 2545 At
376 2461 444 2564 quis
465 2500 602 2563 unquam
623 2483 745 2547 audivit
767 2483 894 2546 chorum
918 2482 1039 2546 mutum
1061 2480 1094 2544 in
1115 2497 1257 2544 scaenam

160 2589 323 2674 procedere
344 2589 426 2655 inter
448 2609 646 2672 personarum
668 2590 828 2672 dialogum
851 2589 898 2654 361
922 2588 1145 2673 monologum?
1183 2587 1258 2668 Quis

160 2697 197 2762 de
217 2696 413 2762 Baccharum
436 2698 568 2763 menime
590 2699 682 2762 choro
708 2697 765 2762 hoc
791 2697 1005 2780 exspectabit?
1049 2696 1096 2761 Ac
1123 2716 1161 2761 ne
1192 2696 1257 2761 ulla

160 2807 257 2872 restet
285 2805 450 2890 dubitatio,
484 2807 617 2889 paredus
643 2805 710 2889 ipsa
731 2806 869 2889 postulat
892 2806 1019 2870 chorum
1041 2805 1254 2887 procedentem

160 2915 209 2980 361
233 2916 335 2996 potius
357 2918 534 3000 vagantem.
578 2915 657 2981 Vide
680 2935 709 2980 3.
732 2917 772 2980 68
794 2935 854 2998 sq.:

460 3023 518 3102 τίς
540 3018 633 3110 ὁόχῦς
654 3023 713 3100 τίς
735 3018 829 3110 dipl,-
851 3022 900 3101 τίς

458 3128 655 3217 posidippus,-
679 3128 847 3210 ἔκτοπος
868 3127 964 3198 ἔστω.
986 3136 988 3139 ’

160 3242 272 3324 Itaque
294 3260 323 3306 3.
345 3241 469 3306 55-63
491 3242 649 3325 Euripidei
674 3261 738 3307 esse
759 3261 821 3306 non
842 3241 986 3325 possunt;
1018 3240 1092 3306 licta
1114 3240 1160 3304 est
1182 3239 1258 3307 haec

161 3342 359 3438 ἀποστροφή
388 3352 427 3416 ab
451 3351 665 3428 histrionibus,
699 3357 752 3434 qui
781 3351 910 3416 chorum
937 3350 1018 3414 inter
1040 3348 1202 3432 prologum
1224 3347 1258 3412 in

161 3479 304 3526 scaenam
333 3460 485 3525 duxerunt
514 3461 544 3526 et
575 3461 647 3526 ante
668 3460 799 3525 Penthei
823 3459 912 3525 aedes
933 3459 1088 3524 statutum
1110 3456 1258 3548 paredum
1286 3519 1290 3527 ,

160 3567 344 3634 recitantem
376 3569 522 3634 lecerunt.
577 3569 637 3635 Sed
665 3569 773 3634 insunt
800 3569 894 3634 etiam
926 3567 1047 3646 menda,
1084 3584 1163 3648 quae
1193 3583 1258 3629 cer-

162 3678 283 3744 tissima
305 3680 482 3745 coniectura
507 3699 541 3744 ex
563 3680 696 3762 genuino
723 3679 870 3760 Euripide
891 3676 1043 3742 removeri
1065 3675 1155 3742 valde
1179 3693 1259 3758 gau·

161 3785 278 3852 demus.
322 3789 546 3870 Turpissimum
576 3787 834 3868 complementum
865 3787 911 3850 631
937 3783 976 3848 ἵν’
1002 3784 1189 3863 ε1σ13.63,
1221 3800 1259 3846 ne

162 3913 251 3976 prose
276 3897 399 3979 quidem
427 3897 567 3963 oratione
588 3897 728 3982 dignum.
771 3895 860 3960 Etsi
882 3894 1025 3960 accurate
1045 3891 1259 3974 interpretaris

162 4002 292 4070 Penthei
314 4006 406 4072 verba
429 4026 457 4072 3.
479 4007 540 4071 352
563 4025 622 4088 sq.:

311 4108 347 4179 οἳ
366 4113 394 4178 δ’
416 4107 484 4178 ded
505 4107 622 4178 πόλιν
644 4113 825 4194 στείχοντες
845 4105 1045 4192 ἐξιχνεύσατε

309 4217 367 4288 τὸν
387 4215 606 4307 θηλύμορφον
628 4221 727 4302 ξένον,
752 4211 788 4298 ὃς
809 4215 956 4305 εἰσφέρει
978 4213 1076 4285 νόσον

310 4326 420 4416 καινὴν
441 4329 563 4414 γυναιξὶ
585 4329 639 4393 καὶ
660 4329 735 4413 λέχη
757 4326 953 4410 λυμαίνεται,
1060 4355 1063 4360 ·

1042 4437 1058 4487 6
