3170 5134
662 491 711 546 105

143 662 266 728 minime
287 661 467 739 artificioso,
498 663 550 730 sed
573 664 657 730 claro
686 666 717 730 et
737 663 840 730 lueido
864 683 963 748 neque
991 665 1099 729 eontm
1128 681 1229 728 rerum

141 771 282 836 naturam
304 773 464 854 pugnante
483 772 653 855 praemisit.

236 879 315 944 Eleee
336 880 399 946 fere
420 883 515 948 nescii
543 883 583 948 ad
609 883 822 966 quaestionem
848 883 886 947 de
914 899 1008 948 eausa
1031 882 1231 965 prologorum

143 986 384 1070 Euripideorum
406 991 488 1055 unde
509 992 639 1073 proiecti
661 1011 792 1072 eramus,
816 992 1016 1057 revertimus:
1051 991 1155 1056 soluta
1175 990 1231 1068 est,

140 1113 231 1180 spero,
254 1097 351 1164 firmis
369 1101 401 1164 et
422 1119 501 1182 quae
523 1102 620 1165 oeulis
643 1100 746 1166 ridere
766 1101 841 1166 lieet
862 1100 1065 1183 argumentis.

233 1205 323 1286 Quod
352 1207 442 1272 modo
471 1208 537 1272 dixi
564 1210 661 1274 etiam
691 1209 791 1290 magis
819 1208 980 1291 apparebit
1005 1226 1050 1286 eo,
1084 1206 1166 1290 quod
1195 1206 1233 1270 de

138 1314 334 1398 prologorum
356 1333 428 1380 euru
450 1319 558 1382 ceteris
579 1317 704 1384 fabulae
726 1318 866 1399 partibus
888 1337 967 1382 nexu
988 1335 1070 1381 nune
1092 1316 1233 1398 disputa-

138 1424 225 1487 turus
256 1443 334 1488 sum.
383 1424 451 1488 Etsi
479 1426 542 1490 seio
573 1425 653 1490 hane
685 1426 897 1508 quaestionem
930 1425 1031 1508 magis
1062 1425 1101 1490 ad
1134 1427 1233 1489 artem

138 1530 273 1616 ipsarum
303 1533 479 1598 fabularum
513 1553 608 1618 quam
639 1536 838 1617 prologomm
867 1536 1029 1618 pertinere,
1060 1537 1166 1600 tamen
1196 1551 1235 1596 ne

140 1641 210 1722 quid
231 1641 429 1721 desideretur,
455 1661 548 1724 quam
571 1642 751 1707 brevissime
772 1641 839 1707 fieri
860 1643 973 1724 potest,
997 1644 1149 1708 tractabo.

234 1751 405 1833 Prologum
428 1749 467 1814 ab
488 1751 556 1814 arte
576 1749 751 1815 dramatico
778 1749 943 1815 abhorrere
971 1752 1072 1834 ipsum
1100 1753 1234 1818 voeabu-

139 1857 200 1922 lnm
222 1859 334 1941 δρᾶμα
354 1860 460 1924 doeet:
492 1860 528 1923 ut
549 1861 714 1942 agantur
734 1879 782 1925 res
803 1861 837 1924 in
858 1879 978 1936 seaeua,
1007 1879 1069 1925 non
1090 1862 1127 1925 ut
1146 1880 1234 1925 nar-

141 1970 281 2042 rentur,
315 1969 517 2052 postulamus.
561 1969 641 2034 Fieri
664 1971 769 2036 tamen
790 1971 901 2052 potest,
929 1971 966 2033 ut
987 1970 1134 2052 prologus
1154 1969 1233 2033 artis

140 2075 327 2142 dramaticus
348 2078 470 2160 legibus
491 2079 713 2142 consentaneus
735 2078 792 2158 sit;
825 2096 954 2160 persona
976 2078 1059 2142 euim
1081 2078 1235 2162 προλογί-

142 2183 235 2262 ζουσα
257 2205 293 2251 eo
316 2185 406 2252 debet
427 2186 525 2250 animi
546 2187 633 2251 statu
656 2205 729 2265 osse,
752 2188 787 2250 ut
808 2184 849 2251 ad
869 2186 1069 2268 monologum
1084 2205 1233 2268 propensa

141 2293 195 2368 sit;
214 2294 254 2358 iis
276 2295 434 2375 praeterea
453 2295 501 2359 uti
523 2294 614 2359 debet
635 2295 746 2372 verbis,
769 2311 848 2377 quae
869 2313 938 2358 eum
961 2294 1059 2358 animi
1081 2294 1146 2358 eius
1161 2313 1234 2359 eon-

142 2402 256 2469 dieione
278 2405 483 2486 congruentia
504 2424 565 2468 non
585 2405 715 2486 epieum,
737 2403 790 2468 sed
808 2404 964 2487 tragicum
987 2423 1061 2486 prae
1080 2404 1235 2468 sederant

53 2557 54 2582 ,
142 2512 280 2578 eolorem.
323 2513 400 2594 Quis
422 2513 612 2596 vituperabit
633 2513 777 2596 prologos
800 2513 1071 2592 Trachiniarum1)
1093 2522 1125 2578 et
1145 2513 1234 2577 Terei

53 2671 54 2690 r
143 2619 402 2703 Sophoclearum?

233 2731 305 2796 illis
324 2733 430 2796 autem
452 2731 572 2813 legibus
591 2733 674 2796 inter
696 2749 802 2796 omnes
823 2731 967 2812 prologos
982 2730 1164 2814 Euripideos
1178 2731 1235 2796 ad-

53 2879 54 2886 ,
143 2839 265 2906 strictus
287 2842 334 2905 ast
356 2860 435 2905 uuus
455 2840 592 2906 Medeae.
635 2841 750 2906 Nutrix
778 2841 942 2923 prologum
969 2840 1090 2916 recitat,
1124 2839 1235 2904 mulier

53 2927 54 2960 ¹
142 2948 297 3014 etsenitii
311 2948 574 3033 diuturnitatem
587 2951 641 3030 re)
657 2951 689 3013 a
703 2949 800 3014 animi
814 2947 927 3031 saep.
940 2946 1128 3032 sesanam
1143 2949 1235 3014 aomo

143 3055 250 3123 Aeetae
273 3059 448 3124 coniuncta.
490 3059 563 3140 Ipsa
584 3078 646 3124 non
667 3058 804 3141 ignorat,
836 3059 989 3140 quantum
1016 3057 1235 3122 beneficiorum

142 3162 241 3233 liedes
266 3168 369 3232 Iasoni
399 3169 554 3251 tribuerit,
587 3188 682 3251 quarn
710 3169 872 3250 ingratum
897 3167 949 3232 lrio
974 3186 1007 3231 se
1033 3167 1235 3249 praestiterit.

53 3307 54 3362 3
144 3271 229 3340 Videt
251 3276 394 3340 animum
413 3276 539 3342 Medeae
563 3279 683 3344 iratum
703 3279 734 3342 et
755 3276 840 3341 mala
861 3275 1042 3341 minantem.
1073 3274 1235 3340 Gonsolari

53 3467 54 3482 χ
143 3382 256 3460 studet;
276 3386 460 3468 repudiatur
473 3385 516 3469 (r.
530 3386 651 3468 28sq.).
673 3386 755 3467 Quid
769 3386 870 3469 igitur
881 3384 1001 3449 faeiat?
1022 3384 1112 3449 Nihil
1124 3385 1233 3462 restat,

145 3507 230 3569 quam
259 3495 295 3558 ut
322 3513 427 3559 seeum
460 3495 692 3559 commiseratur
722 3493 867 3559 dominae
898 3493 1122 3572 calamitatem,
1155 3511 1235 3575 quae

53 3579 54 3616 ss
145 3613 194 3661 sua
204 3601 299 3666 simul
314 3602 370 3678 est,
392 3600 451 3677 vel,
475 3603 511 3664 ut
527 3601 595 3682 ipsa
609 3600 686 3664 dieit
697 3620 726 3664 v.
738 3601 779 3664 57
788 3620 846 3682 sq,
870 3601 907 3665 ut
922 3619 991 3664 eum
1003 3599 1088 3665 eaelo
1105 3601 1137 3664 et
1150 3601 1234 3665 terra

53 3679 54 3708 ¹
146 3708 353 3773 eommunicet
383 3707 468 3774 Satis
489 3709 594 3772 autem
616 3707 735 3790 tragiee
756 3708 881 3772 institui
901 3708 983 3773 hane
1004 3708 1135 3772 nutricis
1149 3727 1234 3774 eenr-

147 3812 367 3881 miserationem
397 3837 502 3883 omnes
531 3818 677 3882 clamant.
726 3817 870 3882 Proxime
896 3817 1046 3882 aeeedunt
1072 3818 1234 3900 Hippolyti

146 3920 173 3982 et
192 3924 371 4010 Supplieurn
396 3927 534 4010 prologi:
573 3927 700 3991 Veneris
727 3927 775 3992 ira
803 3929 834 3991 et
863 3928 1036 4011 supplicum
1070 3926 1235 3992 calamitas

144 4047 248 4100 causae
262 4035 499 4120 monologorum
521 4038 603 4101 sunt.
647 4035 803 4102 Secuntur
827 4036 949 4119 prologi
970 4035 1108 4118 Telephi,
1141 4036 1235 4100 Aloe-

240 4375 266 4440 l)
284 4373 327 4429 De
344 4374 461 4432 merulis
479 4374 562 4430 huius
579 4375 689 4445 prologi
708 4391 782 4430 nune
797 4391 854 4429 non
872 4391 935 4445 ago.
