3124 5138
733 425 769 478 41

208 598 379 680 ponunturr
415 615 495 679 quae
521 615 584 660 non
610 596 673 662 alio
701 595 837 661 vinculo'
850 595 932 659 inter
959 613 991 659 se
1012 613 1104 659 noxae
1125 594 1208 672 sunt,
1242 593 1302 658 uisi

210 706 292 790 quod
324 724 428 770 omnes
458 705 498 770 ad
527 705 651 770 Troiam
681 705 805 786 captam
833 704 864 768 et
891 702 932 768 ad
959 704 1120 784 captarum
1147 699 1303 766 Troadum

208 815 323 880 sortem
357 815 521 896 pertinent.
571 814 777 896 Quamobrem
804 813 965 894 Euripides
996 813 1028 876 iu
1055 813 1182 894 prologo
1212 811 1304 875 huius

210 923 334 990 fabulae
360 923 438 988 facit
465 924 646 1005 Neptunum
670 923 779 988 Troiae
811 921 1069 1004 expuguationem
1100 922 1131 986 et
1158 940 1194 986 oa
1224 939 1303 1003 quae

209 1033 318 1098 statim
351 1030 514 1096 subsecuta
543 1030 617 1094 sunt
649 1028 843 1094 enarrantem
878 1030 919 1108 (v.
943 1028 1070 1107 8-44).
1117 1028 1155 1092 In
1180 1028 1303 1093 exordio

211 1159 305 1224 quam
327 1159 399 1205 cara
422 1139 482 1204 sibi
504 1138 560 1204 illa
583 1139 656 1203 urbs
678 1138 781 1216 luerit,
804 1138 928 1219 exponit
949 1136 991 1221 (v.
1016 1134 1110 1219 1-7)
1118 1139 1155 1218 1);
1178 1136 1211 1200 iu
1232 1154 1303 1201 cou-

152 1331 154 1334 .
210 1250 347 1316 clusiono
369 1249 532 1314 consilium
554 1247 675 1328 captam
692 1239 922 1328 derelinquendi
936 1247 1040 1329 prodit
1049 1247 1093 1326 (v.
1104 1243 1250 1327 45-47).
1264 1279 1303 1290 —-

210 1359 371 1424 Prooemio
391 1357 515 1440 prologi
535 1356 633 1423 assuti
651 1360 724 1420 suut
746 1355 786 1420 ab
806 1355 1026 1436 interpolatore
1041 1356 1102 1420 duo
1117 1371 1222 1420 vorsus
1236 1371 1304 1434 pes·

210 1467 352 1532 simile.
376 1466 432 1530 14:

380 1585 463 1655 ὅθεν
482 1587 567 1671 πρὸς
587 1579 714 1671 ἀνδρῶν
736 1583 881 1673 ὑστέρων
902 1584 1090 1678 κεκλήσεται

377 1692 829 1781 ὄούρειος1’ππος,’κρυπτόν
849 1690 1022 1782 ἀμπισχών
1043 1693 1132 1781 δόρυ,

212 1827 380 1908 quiquam
405 1824 485 1888 male
509 1842 540 1888 se
563 1825 699 1888 habeant
720 1823 888 1888 scholiasta
916 1825 1071 1906 coguovit,
1105 1826 1181 1889 haec
1208 1824 1305 1891 adno-

211 1938 298 2001 tans:
332 1939 468 2016 ψυχρῶς
495 1925 715 2017 ἠτυμολόγηοε
744 1927 802 1996 τὸν
829 1930 936 1996 ἵππον
964 1923 1040 1996 α’πὰ
1054 1935 1120 1996 τῶν
1148 1930 1304 2016 δοράτων.
1340 2004 1343 2010 ,

173 2081 174 2084 ¹
212 2033 345 2128 ilariaco
373 2037 433 2126 γὰρ
468 2037 558 2123 πυροὶ
587 2035 628 2105 τὰ
657 2040 759 2124 δοῦρα
788 2043 998 2128 πεποιῆσθαι
1024 2029 1124 2124 ἤγουν
1148 2037 1190 2107 τοὶ
1217 2037 1304 2123 ξύλα.

205 2147 345 2237 Ὅμηρος
367 2145 552 2235 δουράτεον,
577 2144 596 2216 ὅ
617 2148 686 2216 ἐστι
709 2145 845 2231 ξύλινον.
890 2151 971 2216 Mira
992 2170 1066 2216 sane
1086 2151 1144 2216 hoo
1161 2153 1227 2219 loco
1250 2170 1306 2216 no·

211 2261 258 2328 bis
279 2261 443 2343 praebetur
465 2261 615 2339 doctriua,
650 2279 728 2343 quae
755 2261 794 2326 ab
821 2260 906 2326 omni
931 2260 1130 2344 antiquitatis
1158 2261 1305 2327 memoria

213 2389 336 2452 prorsus
356 2371 508 2437 abhorret.
547 2369 605 2438 Sed
621 2370 684 2436 scio
707 2387 770 2434 esse
791 2369 951 2452 quosdam,
973 2371 1102 2453 quiquo
1119 2369 1306 2452 putidiorem

212 2479 415 2545 eruditionem
437 2498 510 2561 prae
530 2498 561 2544 se
581 2479 661 2544 ferat
681 2479 787 2560 aliqua
809 2478 970 2557 sententia,
993 2497 1027 2544 eo
1048 2479 1195 2544 libentius
1215 2479 1307 2543 Euri-

211 2589 277 2670 pidi
297 2589 452 2654 tribuant:
474 2589 508 2654 at
528 2607 581 2652 our
600 2587 726 2652 tandem
738 2587 902 2670 Neptunus
917 2587 1191 2653 excidium'lroiae
1205 2589 1305 2654 multa

213 2715 283 2761 oum
309 2696 578 2762 'commiseratione
605 2713 750 2760 enarrans
779 2695 881 2761 subito
908 2695 947 2760 ad
969 2696 1168 2778 grammatici
1192 2715 1305 2761 munus
1334 2782 1337 2788 .

213 2807 315 2889 etymo
343 2805 564 2870 vocabulorum
592 2802 768 2886 exponentis
797 2802 975 2868 descendit?
1017 2805 1181 2870 Praeterea
1214 2806 1306 2871 verba

213 2915 316 2996 aperte
337 2913 588 2996 interpolatorem
611 2911 768 2982 indicant:
801 2931 861 2995 quo
889 2913 1080 2979 referendum
1107 2914 1149 2978 sit
1171 2906 1254 2977 ὅθεν
1275 2916 1305 2978 et

213 3023 348 3088 auditori
370 3022 579 3105 quaerendum
601 3021 647 3090 eat
669 3023 700 3086 et
714 3021 838 3097 lectori3
861 3041 954 3088 causa
971 3024 1075 3088 autem
1090 3021 1157 3106 ipsa
1173 3023 1305 3088 iteratur

213 3130 313 3197 vorbis
334 3128 479 3212 κρυπτὸν
496 3120 670 3212 ἀμπισχών
683 3123 772 3211 δόρυ,
797 3149 887 3214 quem
909 3129 1106 3196 falsariorum
1128 3150 1218 3196 usum
1239 3132 1305 3197 Ion.

214 3241 254 3304 67
277 3239 489 3323 cognovimus.
513 3276 552 3285 -
575 3239 666 3305 Ultro
690 3240 752 3305 fere
775 3240 948 3322 exploditur
968 3257 998 3337 r.
1022 3243 1062 3305 22

420 3359 438 3388 11
484 3359 492 3383 Ι
533 3363 541 3391 l
573 3363 582 3386 1
698 3360 704 3381 ¹
839 3361 856 3386 θ’
870 3371 879 3386 ¹
1049 3361 1056 3384 Ι

401 3388 435 3429 οι
455 3365 532 3454 epod
566 3387 824 3449 επεοτρατευσυν
851 3365 1118 3450 dilaceraretur.

213 3491 312 3557 Nemo
336 3492 508 3558 subiectum
530 3492 693 3558 desiderat.
736 3493 867 3559 Prorsus
889 3494 1003 3558 falsum
1025 3495 1072 3559 est
1089 3487 1184 3578 τήνδε
1199 3489 1306 3560 πόλιν.

215 3600 357 3666 Vidimus
376 3602 458 3666 enim
479 3603 571 3668 autea
593 3602 860 3668 accuratissimum
882 3621 945 3667 esso
970 3605 1002 3668 iu
1025 3603 1161 3686 prologis
1182 3603 1307 3686 Euripi-

216 3709 279 3776 deis
308 3712 498 3794 pronominis
526 3704 581 3775 ὅδε
607 3729 712 3776 usum:
732 3701 855 3777 'scaena
881 3712 1060 3794 tragoediae
1081 3730 1143 3777 non
1169 3713 1202 3776 in
1231 3714 1306 3780 urbe

217 3819 319 3900 Troia,
341 3821 393 3885 sed
415 3821 448 3884 in
471 3820 580 3885 castris
601 3819 789 3886 Graecorum
811 3822 857 3885 est
878 3819 930 3904 (cf.
953 3840 982 3885 r.
1003 3823 1053 3886 32.
1068 3823 1136 3886 139.
1153 3822 1213 3888 176
1226 3820 1305 3904 eto).

216 3927 260 3994 Ut
283 3928 381 3994 obiter
402 3939 553 4007 moneam,
586 3929 662 3995 haec
683 3930 750 4012 ipsa
771 3929 848 3995 mihi
869 3929 991 3994 ridetur
1011 3929 1106 3995 fuisse
1128 3949 1230 4015 causa,
1253 3949 1308 3996 our

204 4036 377 4119 'Euripides
399 4057 427 4102 r.
450 4037 471 4100 4
497 4055 559 4103 non
586 4037 756 4120 scripserit:
792 4031 888 4122 τήνδε
914 4035 1061 4131 Τρωινῆν
1082 4032 1206 4104 πόλιν.
1248 4039 1308 4107 Su·

318 4317 564 4386 111111111161111111
582 4317 599 4370 8
617 4318 699 4387 plone
719 4318 973 4389 interpungendum
991 4324 1042 4374 est.
