3184 5140
811 467 862 522 106

295 634 395 716 stidis,
411 637 514 718 Oenei,
530 638 697 722 Troadum,
711 639 892 723 Iphigeniae
910 640 1071 721 Tauricae,
1093 641 1127 706 in
1140 641 1252 724 quibus
1264 661 1390 710 causam

296 746 417 830 prologi
438 746 605 812 declamati
623 746 773 831 indagare
793 751 893 831 potes:
916 749 1022 816 tamen
1036 749 1130 816 uerba
1145 751 1200 815 aut
1215 751 1318 818 omnia
1334 753 1389 818 ant

294 855 461 922 maximam
483 856 604 939 partem
625 857 672 922 111
699 860 879 941 comparata
900 860 982 942 sunt,
1015 860 1051 924 ut
1072 860 1204 942 epicum,
1235 878 1296 925 non
1323 860 1391 926 tra·

294 965 399 1048 gicum
425 966 548 1046 poetam
574 965 682 1032 audire
712 966 854 1034 ridearis.
888 969 924 1032 ln
949 968 1057 1034 1111111
1079 969 1185 1034 autem
1211 968 1324 1034 fabulis
1354 989 1389 1035 11

293 1075 360 1156 ipsa
374 1074 553 1157 tragoediae
573 1075 703 1155 actione,
729 1077 789 1142 nisi
810 1077 891 1143 sorte
911 1078 1050 1160 sophista
1072 1096 1137 1143 esse
1152 1077 1245 1158 voles,
1269 1078 1390 1144 nullam
1472 1151 1477 1160 ,

293 1183 417 1248 omnino
449 1203 575 1250 causam
603 1186 724 1268 prologi
754 1186 879 1252 recitati
908 1188 1011 1269 petere
1037 1187 1166 1269 poteris:
1200 1204 1324 1269 prorsus
1355 1187 1388 1253 in

292 1292 501 1374 spectatorum
529 1311 620 1358 usum
646 1294 754 1376 scripti
775 1297 859 1361 sunt.
902 1295 1004 1361 Velim
1031 1295 1135 1361 autem
1163 1295 1222 1361 1111
1245 1295 1388 1361 animad-

292 1401 412 1467 vertas:

393 1510 425 1574 Ii
447 1510 599 1594 prologi
621 1512 685 1595 qni
708 1513 844 1596 optimc
865 1531 945 1578 curn
967 1513 1056 1595 ipsa
1084 1512 1212 1578 sabula
1241 1512 1389 1596 coeunt,

293 1637 422 1685 omnes
442 1621 528 1685 sunt
549 1621 685 1703 prioris
706 1621 848 1688 aetatis
869 1639 1021 1705 poeseos
1042 1620 1276 1703 Euripidiae.
1318 1621 1388 1686 Po·

294 1727 469 1794 steriore
489 1729 659 1812 tempore
682 1731 789 1813 poeta
811 1748 887 1796 non
908 1730 1024 1795 solum
1047 1747 1176 1795 nexum
1196 1730 1387 1796 internum

294 1837 417 1920 magis
432 1837 638 1922 magisque
658 1838 787 1919 soluit,
812 1839 876 1905 sed
897 1838 1019 1904 etiam
1042 1838 1193 1904 externo
1215 1838 1284 1905 1111
1304 1838 1388 1904 vin·

294 1944 396 2025 culo,
431 1947 475 2011 ut
504 1965 660 2029 persona
688 1947 981 2032 προλογίζουσα
1008 1947 1270 2031 insequentem
1302 1965 1387 2031 pcr-

293 2073 418 2120 sonam
439 2054 641 2137 indicaret,
664 2076 738 2123 non
760 2057 837 2123 iam
859 2076 951 2123 usus
973 2059 1032 2123 est
1052 2055 1096 2142 (1.
1115 2077 1144 2139 p.
1166 2057 1226 2122 103
1246 2059 1315 2140 sq.).

392 2165 471 2246 Quo
492 2166 614 2250 magis
636 2168 758 2234 autem
781 2167 980 2250 Euripides
1006 2167 1181 2251 prologos
1209 2165 1388 2248 prooemi-

293 2293 404 2340 orum
419 2293 437 2339 a
452 2275 580 2342 fabula
595 2276 678 2359 ipsa
699 2278 911 2343 solutorum
930 2277 1090 2342 formam
1105 2276 1240 2342 habere
1253 2273 1387 2358 uoluit,

297 2402 338 2449 eo
361 2383 482 2467 magis
501 2385 668 2467 ipsarum
686 2385 901 2451 fabularum
922 2385 1188 2468 argumentum
1209 2383 1331 2450 auxit.

392 2493 478 2559 Num
497 2512 573 2576 opus
593 2493 795 2576 estamplius
815 2512 970 2577 exponere,
992 2512 1086 2577 quam
1101 2494 1224 2578 egregie
1238 2495 1297 2559 hoc
1310 2511 1387 2576 quo-

290 2620 349 2684 que
365 2602 502 2685 11111111
523 2603 556 2668 11
579 2621 648 2668 eam
669 2603 866 2687 sententiam,
897 2621 991 2687 quarn
1008 2605 1101 2669 antea
1123 2603 1162 2668 de
1179 2621 1272 2669 causa
1296 2601 1387 2667 lluri·

290 2710 451 2793 pideorum
469 2711 670 2796 prologorum
691 2711 812 2778 stetui?

389 2819 450 2887 Sed
462 2821 609 2906 quoniam
624 2822 661 2888 dc
678 2823 745 2889 arte
760 2821 959 2905 prologorum
974 2819 1178 2904 disputamus,
1199 2821 1386 2886 111111111-

290 2931 424 2996 marium
448 2930 560 2998 addere
580 2930 838 3015 interpolationis,
860 2949 922 3015 qua
943 2949 993 2998 ars
1013 2931 1125 2996 obruta
1146 2930 1203 2996 est.

389 3041 471 3107 Duo
498 3060 635 3124 genera
660 3039 983 3123 interpolationis
1011 3040 1189 3122 grassata
1220 3040 1316 3105 sunt
1344 3038 1385 3104 in

294 3148 462 3234 prologis
485 3150 715 3233 Euripideis:
745 3149 933 3229 alterum,
955 3147 1056 3232 quod
1079 3147 1385 3231 grammaticum
1497 3153 1500 3160 ’

290 3278 400 3339 1111,
422 3259 583 3325 altorum
606 3259 840 3326 histrionale.

388 3368 445 3434 Ad
468 3369 570 3451 prius
592 3387 711 3453 genus
733 3387 854 3435 omnes
877 3387 939 3434 eas
960 3369 1082 3434 refero
1108 3365 1386 3448 interpolatio·

258 3512 261 3517 ·
290 3496 364 3557 nes,
394 3494 488 3560 quae
508 3477 704 3544 uerborum
724 3477 859 3560 poetae
880 3475 1252 3560 interpretandorum
1273 3492 1386 3540 causa

289 3586 442 3654 additae
463 3589 566 3653 sunt.
1204 3639 1209 3648 .

387 3695 501 3761 Omnes
520 3693 655 3780 (praeter
670 3693 782 3779 unum)
801 3695 924 3779 prologi
945 3695 1084 3778 exempla
1104 3693 1262 3777 praebent,
1285 3691 1384 3774 pluri·

290 3824 358 3872 mas
380 3803 521 3871 Electrae
543 3804 699 3889 prologus.
742 3804 822 3872 Sunt
841 3805 947 3871 autem
967 3803 1025 3870 illa
1046 3803 1259 3869 additamenta
1276 3801 1332 3866 aut
1350 3818 1385 3866 ex

288 3913 413 3998 ingenio
434 3912 695 3996 interpolatorum
714 3913 852 3996 profecta
873 3914 930 3980 aut
958 3932 993 3979 ex
1016 3913 1088 3978 aliis
1108 3911 1287 3978 fabularum
1308 3907 1384 3975 locis

289 4022 398 4107 petita.
443 4022 526 4104 Quin
542 4041 577 4089 co
598 4022 737 4106 procedit
757 4022 957 4089 lanariorum
977 4020 1161 4106 loquacitas,
1183 4020 1230 4095 ut,
1252 4037 1332 4104 quae
1353 4037 1385 4084 se
1436 4011 1442 4025 ’

290 4132 447 4198 dicturum
473 4149 535 4197 non
562 4149 627 4198 esse
656 4132 747 4216 poeta
777 4149 914 4214 expresse
942 4130 1030 4212 dixit,
1062 4130 1123 4215 ipsi
1151 4129 1261 4197 statim
1288 4127 1384 4193 libere

290 4239 491 4325 pronuntient
526 4239 608 4325 (lph.
630 4239 724 4306 Taur.
750 4241 800 4306 38.
826 4241 877 4306 39.
911 4239 963 4307 Or.
994 4241 1140 4321 12-15).
1177 4273 1218 4286 -
1254 4236 1383 4305 Grauis·

291 4350 387 4418 simae
415 4350 520 4416 autem
547 4348 640 4416 huius
665 4348 786 4433 generis
812 4348 1066 4432 interpolationes
1089 4349 1164 4415 sunt
1190 4347 1283 4426 dicta,
1316 4345 1383 4430 etp·
