3124 5138
682 445 717 500 85

152 617 277 682 tandem
306 616 466 683 Hecubam
497 618 529 682 in
557 618 691 683 tentorio
731 619 973 702 Agamemnonis
1004 617 1121 684 versari
1159 619 1246 702 pute·

152 727 262 804 mua1).
288 762 323 772 -
348 726 466 790 Itemm
489 725 672 790 offendimur
693 746 722 792 v.
744 727 795 791 47.
817 727 857 791 48
1290 713 1292 716 ’

299 845 483 937 φανήσομαι
504 846 574 935 γάρ,
598 843 642 927 ῶς
663 843 770 937 τάφου
792 846 922 940 τλήμων
944 845 1041 935 τύχω,

298 955 416 1046 δούλης
437 960 553 1025 ποδῶν
578 955 744 1043 πάροιθεν
767 959 800 1026 ἕν
821 960 996 1046 κλυδωνίῳ.

152 1087 278 1154 Falsum
301 1088 384 1152 enim
400 1089 447 1152 est
459 1081 645 1173 φανήσομαι
660 1088 697 1152 de
719 1106 871 1170 corpore
886 1088 1032 1172 Polydori
1047 1090 1245 1171 usurpatum;

152 1197 309 1280 sepultura
333 1196 446 1275 autem,
470 1215 549 1279 quae
570 1197 603 1260 in
624 1195 671 1260 bis
695 1196 831 1260 versibus
848 1197 1114 1280 commemoratur,
1137 1197 1244 1262 statim

152 1304 231 1370 redit
253 1323 282 1368 v.
305 1304 355 1379 50,
391 1303 445 1368 ubi
471 1303 571 1368 multo
594 1303 703 1368 melius
730 1303 770 1368 ad
799 1304 967 1368 inferorum
991 1304 1062 1368 deos
1090 1322 1183 1386 quam
1206 1305 1246 1369 ad

151 1413 253 1494 ipsum
274 1411 464 1496 Polydorum
485 1413 626 1477 refertur.
670 1412 736 1478 Hos
759 1431 880 1495 qnoque
896 1431 1001 1478 versus
1014 1414 1138 1494 propter
1153 1413 1246 1478 verba

152 1513 286 1598 πάθους
306 1519 397 1604 plena
422 1513 467 1596 ῶς
492 1514 598 1607 τάφου
625 1514 756 1610 τλήμων
781 1515 871 1602 τύχω
899 1521 939 1587 ab
966 1521 1167 1599 histrionibus
1198 1521 1247 1586 in·

152 1629 288 1696 culcatos
310 1648 374 1694 esse
395 1627 507 1694 iudico.
552 1629 669 1710 Quibus
691 1629 798 1695 deletis
822 1630 945 1714 egregio
968 1629 1132 1695 cohaerent
1153 1650 1182 1695 v.
1204 1631 1245 1694 46

152 1739 183 1801 et
206 1739 264 1800 49:
287 1737 450 1802 Hecubam
473 1739 554 1804 enim
577 1741 751 1823 Polyxenae
773 1739 954 1804 immolatae
976 1757 1086 1820 corpus
1108 1741 1246 1803 visuram

153 1863 206 1925 per
233 1863 265 1910 se
291 1845 368 1910 satis
398 1850 540 1929 apparet;
573 1849 712 1932 quibat,
747 1851 783 1914 ut
809 1850 957 1934 Polydori
986 1869 1107 1932 quoque
1137 1868 1246 1933 corpus
1306 1857 1308 1864 ‘

153 1955 257 2019 visura
278 1952 330 2034 sit,
353 1974 381 2019 v.
404 1956 455 2020 49.
470 1958 511 2021 50
533 1957 697 2038 explicant.
712 1995 753 2004 -
769 1956 894 2024 Ceterae
913 1959 1034 2041 prologi
1056 1959 1158 2040 partes
1172 1959 1247 2023 bene

152 2060 331 2145 procedunt,
354 2064 414 2129 nisi
432 2065 513 2148 quod
537 2086 565 2130 u.
587 2067 711 2132 55—58
1111 2061 1113 2066 ’

301 2188 386 2276 φεῦ·
718 2203 723 2207 ·

301 2282 329 2360 oi
348 2303 460 2385 μῆτερ,
483 2290 553 2384 ἥτις
575 2295 609 2361 ἐκ
631 2301 827 2379 τυραννικῶν
849 2292 962 2381 δόμων

304 2499 445 2596 ὅσονπερ
469 2499 505 2577 εδ
526 2511 621 2577 ποτ’·
644 2503 865 2599 άντισηκῶοας
886 2514 922 2579 δέ
942 2537 979 2580 σε

302 2621 438 2708 φθείρει
458 2624 550 2686 θεῶν
573 2646 623 2699 τις
645 2623 702 2710 τῆς
724 2619 861 2708 πάροιθ’
885 2615 1064 2708 εδπραξίας

151 2747 249 2831 spurii
287 2749 369 2813 sunt.
424 2748 544 2814 Notum
580 2749 626 2814 est
661 2749 742 2814 enim
776 2768 921 2832 personas
955 2751 1093 2833 tragicas
1126 2750 1179 2815 ubi
1212 2751 1244 2815 in

152 2875 294 2924 scaenam
315 2857 419 2922 venire
440 2857 603 2922 nuntiatae
628 2858 702 2924 sunt
726 2877 820 2940 quam
842 2858 997 2924 celerrime
1026 2858 1157 2940 prodire,
1192 2859 1268 2924 ubi.

152 2983 184 3029 se
204 2965 343 3031 abituras
364 2965 515 3044 dixerunt,
543 2985 635 3049 quam
659 2967 814 3032 celerrime
835 2985 945 3032 scaena
967 2967 1117 3032 excedere.
1161 2965 1245 3047 Quas

152 3073 236 3156 leges
259 3093 294 3138 ex
320 3075 387 3155 ipsa
409 3093 511 3140 rerum
535 3076 648 3142 natura
671 3075 824 3157 profectas
846 3075 1003 3141 interdum
1025 3076 1065 3140 ab
1087 3075 1247 3140 histrioni-

152 3182 209 3247 bus
228 3182 385 3266 negleotas
407 3201 471 3248 esso
482 3184 661 3250 Wheelerus
676 3185 794 3250 duobus
811 3185 955 3267 exemplis
969 3186 1051 3265 (Alc.
1064 3186 1246 3264 238—243;

152 3291 243 3357 Herc.
268 3290 448 3376 629-—636)
481 3293 624 3376 probavit
657 3294 736 3376 (1.1.
767 3314 795 3376 p.
822 3296 863 3360 30
883 3313 928 3377 sq.
957 3295 987 3360 et
1015 3295 1056 3360 66
1074 3297 1143 3377 sq.).
1187 3293 1246 3360 Sed

151 3401 272 3482 praeter
293 3405 513 3484 argumentum
536 3404 651 3470 horum
668 3404 817 3486 quattuor
838 3422 983 3470 versuum
1003 3403 1188 3468 vilissimum
1211 3421 1248 3467 ao

152 3511 353 3576 vanissimum
384 3511 477 3578 ctiam
504 3512 574 3594 ipsa
606 3513 757 3578 uocabula
788 3513 964 3578 accuratius
998 3530 1123 3578 excussa
1152 3511 1249 3576 falsa·

152 3619 233 3684 rium
265 3621 408 3702 produnt.
450 3621 487 3686 In
514 3623 615 3687 verbis
647 3622 728 3687 enirn
757 3615 828 3706 ἥτις
851 3617 888 3685 ἐκ
916 3620 1113 3702 τυραννικῶν
1138 3614 1249 3701 δόμων

152 3719 300 3792 δούλειον
321 3713 406 3812 ἦμαρ
428 3719 514 3806 εἶδες
542 3729 656 3796 abusus
679 3730 726 3794 est
747 3728 903 3794 locutione
932 3729 1063 3812 tragica,
1099 3729 1246 3812 quoniam

152 3833 230 3901 duas
251 3835 403 3920 imagines
418 3856 545 3920 prorsus
559 3837 697 3904 diuersas
719 3838 924 3904 commiscuit.
960 3836 1041 3918 Quid
1064 3857 1150 3903 vero
1172 3838 1250 3902 scri-

153 3943 286 4008 bendum
309 3945 403 4010 fuerit
425 3948 533 4028 poetae
555 3947 631 4012 bone
652 3948 827 4012 monstrant
848 3946 908 4012 duo
928 3947 1065 4028 exempla
1080 3945 1249 4013 aWecldi-

153 4051 203 4118 nio
224 4052 323 4122 arura
344 4054 392 4120 El.
415 4055 476 4120 305
497 4075 543 4138 sq.
567 4049 634 4119 ὑπὸ
657 4052 832 4138 στέγαισί
853 4078 893 4119 τε
921 4055 1058 4120 οἵαισι
1081 4053 1161 4120 ναίω
1181 4056 1246 4136 βα-

156 4201 351 4218 ”qn-u·—

254 4306 280 4376 1)
298 4305 388 4379 Leges
407 4309 491 4364 velim
511 4309 605 4364 Weilii
623 4309 841 4364 adnotationem.
