3124 5138
772 447 808 501 40

246 617 285 684 ad
301 637 328 682 v.
343 619 381 682 75
397 617 541 700 pertinet.
563 617 693 682 Initium
707 617 812 682 autem
827 618 1003 700 spuriorum
1018 637 1162 683 versuum
1178 618 1339 684 notissimo

245 726 300 791 illc
314 726 572 808 interpolatorum
587 720 680 790 more*
692 725 850 792 indicatur
871 721 1088 810 verticique
1102 723 1240 807 παίδων,
1262 745 1342 810 quae
1424 753 1428 759 ·

245 836 410 916 postquam
431 835 596 917 praecessit
619 817 664 896 ὦν
685 833 792 928 niueae
815 835 949 900 absurda
968 837 1050 900 sunt.
1090 835 1214 916 Quanto
1235 836 1340 901 autem

245 943 268 1008 ii
291 961 368 1026 quos
389 943 464 1008 eieci
486 961 590 1008 versus
613 961 683 1008 curn
705 943 828 1010 fabulae
854 945 951 1026 ipsius
979 945 1163 1027 argumento
1192 945 1364 1028 pugnent„

246 1071 341 1134 quam
371 1051 475 1116 insani
508 1051 571 1116 sint
597 1069 625 1116 r.
649 1052 698 1116 68.
723 1052 771 1116 74.
800 1052 849 1130 75,
882 1055 1046 1134 postquem
1080 1051 1139 1117 viri
1170 1053 1342 1118 doctissimi

247 1161 369 1244 egregie
391 1162 572 1242 probarunt,
593 1179 649 1244 ego
664 1179 725 1225 non
740 1161 853 1225 iterum
869 1161 1098 1226 demonstrabo.
1123 1161 1223 1226 Simul
1236 1163 1341 1226 autem

246 1270 409 1353 intellegis,
425 1289 520 1352 quam
541 1270 623 1334 recte
644 1269 744 1351 prima
760 1270 949 1334 narrationis
964 1271 1053 1352 perte
1064 1268 1106 1353 (r.
1118 1271 1235 1351 8—50)
1247 1269 1340 1348 lonis,

246 1379 345 1444 altera
369 1375 520 1461 (57-66)
544 1377 674 1443 Creusae
696 1379 727 1442 et
748 1377 847 1442 Xuthi
877 1378 943 1443 fata
969 1397 1065 1462 usque
1093 1378 1132 1444 ad
1160 1398 1229 1444 eum
1260 1378 1339 1443 diem

247 1487 436 1566 enarrentur,
469 1505 530 1569 quo
552 1485 793 1566 fabulae-ipsius
815 1486 897 1552 actio
919 1487 1093 1552 incohatur.
1127 1521 1164 1532 -
1201 1486 1340 1550 Tandem

247 1596 286 1662 ad
308 1595 428 1678 prologi
450 1594 676 1660 conclusionem
698 1594 830 1676 perveni,
855 1595 942 1660 cuius
964 1596 1082 1677 primus
1104 1613 1210 1660 uersus
1233 1595 1272 1659 76
1294 1593 1341 1658 lu·

107 1699 112 1713 '
247 1705 405 1769 culentum
427 1705 474 1768 est
498 1703 681 1784 Euripideae
707 1703 836 1786 originis
866 1705 1088 1768 testimonium.
1132 1703 1192 1770 Sed
1213 1721 1252 1767 ne
1271 1702 1342 1768 finis

246 1813 310 1876 eius
331 1829 456 1894 prorsus
476 1813 628 1894 conspiret
651 1831 722 1878 cum
743 1832 831 1878 versu
848 1813 1052 1896 praecedenti,
1086 1831 1141 1896 pre
1163 1806 1240 1875 adda
1266 1811 1342 1876 scri·

247 1920 379 1986 bendum
396 1940 530 2004 propono
541 1916 636 2002 τάχας
659 1916 814 2009 δαφνώδη
831 1917 936 2006 γύαλα
949 1923 1054 1988 autem
1075 1923 1149 2004 puto
1165 1939 1229 1986 esse
1242 1914 1342 2004 priato

247 2033 437 2114 Παρνησοῖο
461 2033 701 2097 commemorata
723 2031 756 2095 in
777 2031 869 2096 Hom.
893 2031 974 2114 hym.
996 2031 1030 2094 in
1049 2030 1151 2112 Apoll,
1167 2029 1258 2112 Pyth.
1270 2029 1341 2093 215.

247 2139 320 2204 Hes.
343 2139 446 2222 theog.
469 2140 540 2204 499.
583 2139 643 2206 Sed
665 2141 764 2206 assuit
785 2139 989 2222 interpolator
1008 2159 1038 2204 r.
1062 2140 1101 2204 77
1386 2159 1387 2162 ’

426 2279 465 2346 τὸ
484 2281 625 2365 κρανθὲν
646 2276 693 2359 ὥς
712 2274 752 2344 ἂν
773 2275 910 2364 ἐκμάθω
932 2275 1051 2358 παιδὸς
1073 2278 1159 2364 πέρι,

248 2425 417 2508 quiquam
440 2426 591 2493 absurdus
623 2427 664 2490 sit
692 2426 781 2491 docet
802 2425 1023 2491 Herwerdenus
1054 2426 1087 2489 in
1119 2426 1340 2492 commentario
1466 2505 1469 2510 ¹

246 2553 275 2616 p.
294 2535 343 2599 80.
387 2535 566 2612 Mercurius,
589 2536 755 2616 postquam
778 2534 942 2618 prologum
963 2533 1158 2613 declamavit,
1181 2535 1217 2598 ut
1240 2534 1342 2598 Venus

247 2643 420 2726 Hippolyti,
452 2643 624 2726 Polydorus
646 2643 791 2709 Hecubae
821 2643 945 2709 fabulae
975 2645 1054 2726 alrit;
1088 2644 1222 2710 abeundi
1250 2661 1341 2709 causa

246 2752 307 2816 nisi
329 2751 410 2835 quod
433 2751 600 2816 cedendum
623 2753 669 2817 est
691 2771 787 2818 novae
809 2771 956 2834 personae
974 2754 1007 2818 in
1021 2771 1164 2818 scaenam
1178 2752 1339 2834 prodeunt·

248 2860 388 2926 addenda
409 2880 470 2925 non
493 2863 548 2926 est.
564 2845 616 2908 ’-
643 2861 783 2945 Denique
804 2861 880 2927 duos
901 2863 1071 2944 postremos
1093 2861 1214 2944 prologi
1236 2878 1340 2926 uersus

248 2969 370 3048 damno,
396 2989 526 3054 quorum
548 2972 579 3036 et
597 2972 816 3054 argumentum
836 2971 988 3036 insulsum
1008 2972 1040 3036 et
1054 2970 1240 3036 uocabulum
1251 2970 1342 3034 θεῶν

249 3078 340 3143 metri
369 3079 508 3161 explendi
535 3097 627 3145 causa
652 3081 755 3162 inepte
782 3080 936 3146 adiectum
963 3079 1082 3144 nullam
1111 3079 1284 3171 admittunt
1304 3077 1341 3142 de

248 3186 414 3270 impostore
435 3187 670 3254 dubitationem.
883 3265 887 3282 Ι

349 3297 416 3362 Iam
436 3297 529 3364 habes
551 3297 714 3381 prologum
729 3295 930 3379 Euripideum
953 3295 1095 3360 omuibus
1112 3296 1191 3376 «puto
1206 3293 1342 3359 numeris

249 3405 435 3470 absolutum.
479 3405 599 3481 Paucos
621 3406 745 3488 quidem
767 3406 851 3470 locos
879 3404 1136 3485 interpolatorum
1163 3405 1273 3484 pannis
1294 3402 1343 3468 in·

248 3513 407 3579 termirtos
430 3517 514 3580 certa
534 3516 710 3581 coniectura
737 3533 847 3579 seuere
874 3513 950 3578 milri
982 3531 1043 3577 non
1071 3511 1175 3586 licrut3
1207 3511 1342 3592 plurima

115 3641 116 3644 ’
248 3623 354 3688 tamen
381 3624 462 3689 recte
490 3643 538 3689 me
564 3624 709 3688 statuisse
730 3623 763 3687 in
785 3624 842 3688 hoc
870 3622 1002 3687 maxime
1023 3620 1151 3703 prologo
1174 3618 1250 3682 mihi
1273 3637 1341 3700 per-

249 3751 375 3799 suasum
396 3735 451 3799 est.

527 3936 575 3999 10.
620 3933 669 3998 De
691 3933 873 3998 Troadum
895 3932 1061 4015 prologo.

311 4187 314 4191 Ι
349 4091 545 4170 Memorabili
566 4101 657 4167 modo
680 4079 896 4183 coagmentata
915 4101 962 4164 est
976 4100 1015 4164 ab
1027 4098 1173 4180 Euripide
1185 4098 1341 4164 Troadum

250 4214 365 4282 fabula.
409 4213 517 4296 Neque
539 4212 620 4277 enim
641 4229 737 4276 unam
758 4209 911 4275 actionem
928 4208 1067 4274 continet
1088 4225 1143 4300 nec
1162 4208 1342 4290 complures,

251 4323 303 4388 sed
324 4321 466 4406 singulae
487 4319 576 4403 quasi
596 4319 747 4402 imagines
766 4318 906 4400 deinceps
928 4318 1135 4400 spectatorum
1158 4315 1256 4382 oculis
1271 4334 1342 4398 pro-
