3124 5138
277 639 328 732 ε’ίη
352 639 431 731 τάδ’,
465 633 492 712 (ά
519 650 590 724 παῖ,
624 643 683 714 σάν
711 647 783 737 δίκῃ
813 650 841 714 δ’
870 643 984 732 ἥκουσι
1011 649 1087 739 γῆν·
1110 641 1130 716 ὃ
1157 649 1210 716 καί
1230 652 1371 718 δέδοικα

274 753 319 844 μὴ
340 755 490 822 σκοπεῖτ’
513 748 627 841 ὀρθῶς
647 757 735 825 θεοί.
780 759 888 842 Neque
910 759 1009 825 mulio
1038 759 1130 826 aliter
1154 762 1229 843 puio
1256 780 1287 827 se
1314 761 1371 827 ha·

275 867 346 933 bere
366 867 482 932 Phoen.
505 868 565 933 261
589 886 650 950 sq.:
672 861 714 932 τά
735 867 795 950 μέν
815 867 978 951 πυλωρῶν
997 862 1126 955 κλῇθρά
1140 869 1173 951 μ’
1187 865 1387 950 εἰσεδέξατο·

276 975 317 1040 δι’
339 967 514 1054 εὐπετείας
539 976 672 1057 τειχέων
696 971 776 1042 εἴσω
805 977 936 1060 μολεῖν·
961 969 980 1042 ὃ
1004 979 1058 1042 καί
1079 977 1224 1063 δέδοικα,
1257 971 1301 1062 μή
1330 1001 1370 1060 με

276 1079 418 1150 δικτύων
441 1081 507 1152 έσω
532 1081 686 1169 λαβόντες
710 1079 769 1152 oria
796 1086 938 1174 έκφρῶσ’
962 1079 1161 1170 άναίμακτσν
1186 1082 1281 1172 χρέα,
1318 1088 1370 1153 ubi

275 1197 377 1260 verto:
402 1197 478 1276 „hoo
502 1198 605 1262 endem
628 1196 729 1278 ipsum
751 1199 806 1278 esi,
830 1197 911 1281 quod
936 1198 1010 1263 mihi
1034 1198 1151 1263 metum
1173 1197 1276 1263 facia·
1324 1195 1369 1262 cf.

275 1303 331 1368 Ar.
352 1304 434 1373 Eoel.
456 1307 529 1371 338.
566 1305 636 1370 Non
657 1306 771 1388 pondei
793 1300 814 1371 δ’
835 1327 853 1372 a
876 1306 968 1377 uerbo
989 1307 1156 1372 transitivo
1178 1325 1249 1384 uno,
1271 1322 1370 1388 quen-

274 1412 343 1492 dum
355 1410 428 1490 soie,
450 1412 616 1477 Homerico
639 1413 774 1496 exemplo
796 1417 824 1477 θ
842 1415 918 1478 332:
939 1409 978 1478 τά
989 1413 1044 1478 καὶ
1057 1407 1216 1499 μοιχάγρι’
1228 1405 1368 1501 ὀφέλλει.

275 1520 316 1584 Ei
337 1519 382 1584 sio
404 1522 595 1603 usurparunt
616 1522 723 1605 poetae
749 1522 863 1588 aetatis
889 1523 1130 1590 Alexandrinae:
1154 1523 1230 1590 Call.
1253 1543 1299 1607 ep.
1322 1523 1368 1587 XI

274 1629 558 1712 (Mein.)··-=Aniiu
580 1629 649 1694 Pal.
669 1629 729 1694 VH
750 1631 823 1709 447,
865 1630 969 1712 Apoll.
992 1630 1069 1712 Arg.
1092 1631 1107 1694 1
1130 1631 1202 1696 205.
1245 1629 1369 1695 Miraris

274 1736 414 1817 fortasse,
437 1756 492 1802 eur
510 1737 733 1804 cumulaverim
755 1738 907 1822 exempla:
930 1740 1010 1805 hano
1032 1739 1071 1804 ob
1094 1757 1219 1806 oausam
1241 1738 1311 1817 feei,
1334 1737 1370 1802 ui

274 1847 467 1914 ostenderem
487 1867 525 1914 ne
549 1849 631 1915 reete
657 1849 780 1932 quidem
807 1850 910 1916 looum
940 1852 1079 1914 nostrum
1107 1850 1256 1932 seriptum
1289 1867 1368 1926 esse;

274 1957 371 2040 excipi
403 1959 484 2024 enim
516 1959 647 2024 debebat
673 1949 692 2023 ὃ
718 1957 773 2022 καί
800 1979 821 2025 a
852 1959 1037 2044 gravissimo
1071 1959 1168 2024 tetius
1199 1959 1369 2023 sententiae

273 2066 433 2133 uenabulo.
476 2067 603 2133 Summo
633 2068 732 2151 igitur
758 2068 826 2134 iure
852 2067 929 2133 mihi
955 2068 1061 2133 videor
1088 2067 1142 2133 hos
1167 2069 1230 2132 ires
1252 2085 1367 2144 versus,

274 2193 406 2258 quorum
429 2177 547 2258 primus
561 2195 579 2242 e
593 2196 621 2240 v.
640 2177 720 2241 1132
738 2177 963 2260 transsoripius
978 2177 1033 2254 esi,
1055 2177 1091 2240 ui
1110 2177 1230 2258 spurios
1245 2179 1368 2258 noiare;

274 2284 394 2348 utinam
417 2284 511 2349 etiarn
533 2284 571 2349 de
592 2303 626 2351 eo
642 2293 733 2367 quem
749 2303 831 2349 nune
854 2285 996 2351 iraeiebo
1018 2285 1087 2351 loeo
1108 2286 1175 2351 iam
1198 2285 1282 2350 oeria
1296 2301 1369 2366 pro·

273 2392 419 2458 nuntiare
440 2395 577 2476 possein!

336 2504 375 2567 21
420 2499 494 2567 ἐπεὶ
515 2499 552 2568 δέ
577 2503 679 2586 Τροία
698 2503 734 2568 θ’
750 2496 907 2587 Ἕκτορός
926 2503 955 2567 τ’
976 2494 1157 2568 άπόλλυται

418 2607 507 2700 ψυχὴ
528 2608 667 2699 πατρῴα
688 2614 725 2678 θ’
748 2609 837 2679 ἑστία
857 2608 1055 2700 κατεσκάφη,

417 2711 516 2799 αδτδς
537 2721 573 2787 δέ
593 2723 696 2809 βωμῷ
719 2718 805 2809 π’ρδς
828 2720 1006 2810 θεοδμήτῳ
1028 2722 1136 2788 πίτνει

417 2831 553 2917 σφαγείς
573 2823 746 2913 Ἀχιλλέως
767 2826 888 2909 παιδὸς
906 2831 940 2897 έκ
961 2831 1147 2919 μιαιφόνου,

334 2940 374 3003 25
417 2938 532 3005 κτείνει
554 2965 595 3023 με
616 2944 737 3024 χρυσοῦ
758 2937 816 3006 τάν
836 2941 1047 3025 ταλαίπωρον
1066 2937 1157 3024 χάριν

419 3049 509 3130 ξένος
529 3051 684 3137 πατρῷος
704 3050 758 3116 καί
778 3045 902 3116 κτανών
925 3050 958 3128 ές
980 3043 1065 3134 οἶδμ’
1088 3045 1168 3128 άλὸς

417 3159 547 3244 μεθῆχ’,
566 3158 608 3222 ἵν’
629 3149 727 3237 αάτδς
747 3157 867 3243 χρυσὸν
888 3158 921 3224 έν
941 3155 1057 3241 δόμοις
1079 3155 1145 3246 ἔχῃ.

271 3266 382 3332 Nonne
404 3286 525 3333 meeum
547 3287 648 3334 oenses
676 3270 760 3334 inira
786 3271 849 3334 ires
875 3271 1043 3352 postremos
1071 3287 1176 3334 versus
1205 3269 1253 3334 bis
1283 3268 1365 3346 idem

272 3376 360 3441 nobis
393 3376 505 3442 dixisse
537 3378 707 3460 sapientem
734 3377 936 3460 Euripidem?
979 3377 1059 3459 Quid
1093 3377 1174 3442 enim
1206 3378 1292 3444 eliud
1320 3378 1366 3442 esi

271 3486 395 3569 χρυσοῦ
417 3479 509 3568 χάριν
535 3487 629 3569 atque
649 3485 690 3549 ἵν’
717 3468 815 3563 αὐτὸς
841 3481 960 3569 χρυσὸν
982 3485 1015 3551 έν
1034 3480 1150 3567 δόμοις
1171 3481 1251 3573 έχῃῖ
1296 3486 1366 3551 Hoo

271 3613 345 3661 sane
367 3595 566 3661 concedemus
589 3595 744 3661 Ludovioe
767 3615 786 3661 a
807 3595 899 3679 Sybel
932 3596 992 3676 (De
1019 3596 1114 3677 repet.
1136 3595 1220 3661 rerb.
1247 3595 1280 3660 in
1302 3593 1364 3659 feb.

271 3705 344 3769 Eur.
366 3723 395 3787 p.
410 3701 461 3787 18)
483 3722 545 3768 non
566 3703 729 3768 molestam
751 3722 815 3768 esse
836 3704 1048 3786 repetitionem
1071 3704 1214 3770 vocabuli
1237 3697 1363 3786 χρυσός,

271 3814 352 3898 quod
375 3813 578 3898 gravissimus
598 3832 627 3877 r.
648 3813 688 3876 27
711 3813 854 3877 eeeenius
879 3812 911 3877 in
933 3830 1007 3879 νοω
1032 3801 1131 3889 αάτάς
1161 3813 1279 3894 posiius
1308 3813 1363 3888 sii3

269 3923 374 3989 tamen
405 3923 445 3988 ad
478 3923 626 3987 iteratam
655 3922 879 3986 senientiam
911 3921 1133 3987 defendendam
1161 3921 1236 3988 haee
1271 3939 1363 3988 eausa

270 4051 331 4098 non
352 4033 446 4098 nelei.
489 4030 600 4096 Nonne
623 4031 780 4113 praeterea
805 4031 1044 4114 vituperandum
1072 4031 1127 4109 esi,
1159 4031 1241 4113 quod
1273 4031 1363 4112 poeie

269 4142 363 4209 verba
383 4137 424 4204 ἵν’
446 4129 544 4217 αάτός
564 4133 683 4224 χρυσδν
705 4137 739 4204 έν
753 4131 868 4220 δόμοις
885 4134 942 4226 ἔχῃ
957 4139 997 4205 ad
1011 4139 1206 4206 enuntiatum
1228 4139 1260 4218 ἐς
1275 4131 1360 4222 οἶδμ’

269 4246 350 4329 anag
370 4247 490 4338 μεθῆκ’
512 4249 706 4332 applioarii?
727 4248 835 4331 Neque
848 4248 1072 4332 neglegendum
1088 4249 1134 4312 est
1149 4249 1255 4314 eedem
1270 4249 1363 4314 verbo

269 4361 369 4427 forma
395 4360 522 4426 meliore
547 4359 664 4441 scripta
685 4358 748 4440 legi
770 4376 800 4422 v.
824 4358 914 4423 1245.
958 4356 1018 4422 Sed
1047 4356 1122 4439 quid
1153 4357 1272 4424 fautum
1300 4376 1364 4423 esse

250 4956 481 5118 Γι
