3170 5134
744 480 778 533 67

217 649 368 728 βακχεῖον
389 647 443 712 καὶ
463 643 482 712 ὁ
502 643 662 712 Διονύσου
684 644 762 726 ναὸς
779 648 885 714 καὶτὸ
899 643 1062 732 μαντικόν,
1083 642 1129 726 ὥς
1149 643 1188 713 cd
1211 650 1308 731 ‚ploru-

218 759 306 836 χεῖον
325 748 438 838 κάρα“.
480 758 549 822 Hae
568 759 642 822 sunt
663 758 763 824 iustae
783 759 875 824 buius
897 758 1041 824 vocabuli
1063 756 1217 833 notionem
1239 757 1309 836 „lm
1341 747 1344 756 ¹

218 885 318 932 rorem
339 867 549 946 bacebicnm“‚
581 866 693 932 nedum
719 867 939 947 „ebrietatem‘
960 884 1113 950 nusquam
1143 865 1308 950 significat.

218 975 327 1058 Neque
347 975 449 1058 potest
463 975 545 1058 apud
561 976 670 1058 probos
685 977 849 1058 scriptores
863 974 987 1060 διδόναι
1000 993 1055 1058 pro
1072 969 1170 1040 αὑτὸν
1184 968 1310 1038 διδόναι

218 1083 267 1148 vel
289 1077 446 1148 ἐνδιδόναι
468 1085 624 1166 usurpari:
647 1085 822 1167 saepissime
846 1086 891 1150 sic
915 1085 1054 1169 loquitur
1068 1083 1278 1150 Philostratus
1286 1081 1310 1166 ι)

218 1193 335 1274 aliique
355 1193 527 1274 postremas
547 1193 660 1257 aetatis
683 1196 833 1259 auctores.
876 1193 986 1259 Versui
1008 1195 1047 1258 22
1075 1210 1198 1276 prorsus
1226 1193 1308 1258 idem

219 1319 335 1366 naevus
364 1300 514 1384 inhaeret,
547 1301 600 1384 qni
631 1301 714 1368 Ionis
745 1321 773 1367 v.
798 1303 852 1378 163
885 1302 1042 1384 praeterea
1072 1300 1205 1367 absurda
1237 1301 1310 1366 sunt

219 1410 312 1474 verba
326 1411 389 1472 τοῦ
400 1409 487 1474 θεοῦ
502 1431 539 1473 τε
553 1405 614 1493 τήν
627 1404 730 1494 φάτιν,
753 1412 900 1494 qnoniam
921 1411 1014 1478 Laius
1035 1409 1130 1476 etiarn
1151 1409 1223 1476 ante
1238 1425 1311 1473 con·

219 1517 358 1582 cubitum
378 1517 533 1600 Apollinis
555 1520 715 1589 oraculum
736 1521 830 1602 probe
849 1519 946 1585 novit.
983 1520 1122 1603 Apparet
1136 1518 1235 1602 igitur
1249 1535 1311 1584 non

220 1644 281 1691 uno
305 1626 436 1710 vestigio
458 1645 563 1692 versus
584 1629 775 1711 Euripidem,
797 1629 850 1712 qui
873 1629 946 1694 olim
970 1629 1052 1694 bunc
1073 1629 1176 1694 locum
1192 1628 1311 1694 obtine·

219 1736 306 1814 bont,
328 1737 495 1818 posteriore
514 1739 652 1820 tempore
672 1738 858 1803 retractatos
879 1740 910 1803 st
924 1738 1125 1821 interpolatos
1143 1755 1215 1804 esso.
1251 1735 1312 1802 Go-

220 1844 317 1909 nuiua
338 1849 441 1909 autem
463 1845 568 1928 aliqua
592 1865 662 1911 cum
684 1846 903 1928 probabilitate
925 1847 1087 1912 restituere
1114 1863 1212 1928 nequo
1234 1844 1311 1910 milri

222 1952 357 2036 contigit
379 1972 476 2037 neque
499 1954 644 2037 cuiqnam
667 1955 733 2020 fore
757 1957 793 2020 ut
815 1955 977 2040 contingat
997 1946 1082 2038 puto.

520 2138 569 2202 15.
612 2136 662 2202 De
684 2136 829 2204 Orestis
850 2138 1016 2222 prologo.

321 2271 389 2337 Etsi
409 2271 525 2338 Orestis
546 2271 652 2338 fabula
676 2291 744 2362 non
761 2273 897 2339 actiones
925 2272 1141 2357 complectitur
1169 2272 1235 2339 tam
1265 2269 1313 2336 di·

223 2397 324 2446 versas
354 2393 447 2462 quam
471 2380 608 2460 Hecuba,
639 2383 744 2448 tamen
775 2382 994 2466 argumentum
1024 2382 1088 2448 eius
1120 2381 1180 2446 duo
1194 2380 1311 2462 ‘capita

221 2488 332 2554 habere
352 2489 435 2554 recte
456 2491 608 2572 perspexit
629 2490 827 2556 Hermannus
847 2490 942 2571 praef.
957 2490 1010 2557 Or.
1030 2509 1058 2573 p.
1075 2490 1127 2555 Vl.
1177 2489 1229 2554 An
1249 2507 1310 2554 non

222 2597 387 2663 existumas
408 2598 484 2663 satis
510 2598 650 2663 futurum
674 2599 769 2664 fuisse
789 2599 848 2664 boc
868 2599 1085 2683 argumentum
1112 2597 1151 2664 ad
1172 2596 1309 2663 fabulam

221 2704 461 2771 instituendam:
504 2707 624 2772 Orestes
651 2709 682 2772 et
704 2707 826 2773 Electra
851 2710 975 2790 propter
1003 2725 1107 2772 necem
1136 2707 1311 2772 maternam

223 2813 333 2896 capitis
354 2815 556 2892 damnantem
591 2817 655 2881 iam
677 2815 710 2880 in
732 2834 766 2881 eo
787 2815 870 2894 sunt,
903 2816 938 2881 ut
966 2815 1150 2898 supplicium
1172 2814 1312 2893 subeant,

223 2941 293 2987 cum
312 2941 365 3004 per
386 2923 562 2989 Menelaum
583 2923 685 2990 subito
709 2924 922 2990 advenientem
944 2923 1125 2991 liberantur.
1154 2922 1198 2989 At
1212 2921 1313 2988 voluit

222 3032 385 3115 Euripides
409 3033 531 3098 tabulae
544 3034 762 3116 argumentum
777 3051 904 3117 augere;
925 3032 1031 3115 itaque
1047 3031 1123 3097 facit
1139 3031 1312 3097 Menelaum

222 3141 445 3222 advenientem,
467 3143 634 3225 antequam
647 3142 768 3208 Orestes
788 3143 819 3207 et
839 3141 963 3207 Electra
985 3141 1185 3207 damnentur:
1206 3140 1255 3206 illi
1273 3139 1313 3206 ab

222 3269 256 3316 eo
279 3251 429 3316 auxilium
451 3252 578 3335 petunt;
600 3251 663 3317 iam
679 3251 837 3317 Menelaus
851 3250 1008 3334 praestare
1021 3249 1149 3332 paratus
1164 3249 1219 3328 est,
1242 3266 1311 3314 cum

224 3357 394 3442 [Tyndarei
407 3359 509 3426 verbis
522 3360 639 3436 motus]
663 3359 825 3425 consilinm
847 3377 938 3424 snum
960 3359 1073 3424 mutat.
1116 3358 1315 3424 Domnantur

223 3467 422 3548 matricidae3
445 3465 497 3532 sed
519 3453 555 3533 ut
575 3465 765 3532 ulciscantur
788 3467 972 3545 Menelaum,
994 3465 1144 3532 Helenam
1170 3465 1214 3543 [et
1234 3463 1313 3529 Hor·
1417 3453 1423 3466 '

223 3574 374 3659 mionam]
390 3575 560 3641 interficere
575 3575 778 3641 constituunt.
810 3574 923 3657 Apollo
938 3575 1042 3640 autem
1064 3572 1193 3639 insidias
1207 3591 1312 3638 eorum

222 3685 328 3750 irritas
348 3684 435 3750 facit.
478 3684 523 3748 Ex
544 3684 602 3749 hac
624 3683 801 3767 argumenti
823 3683 1017 3748 enarratione
1038 3681 1193 3765 intellegis
1217 3700 1312 3764 quam

222 3792 357 3876 plurime
379 3792 511 3858 voluisse
525 3791 704 3874 Euripidem
725 3791 759 3856 in
781 3792 861 3857 hanc
875 3810 970 3856 unam
985 3789 1124 3856 fabulam
1141 3808 1313 3874 congerere.

224 3900 285 3968 Sed
307 3920 345 3967 ne
366 3902 424 3966 hoc
447 3901 573 3967 auctum
592 3899 716 3984 quidem
738 3900 957 3984 argumentum
975 3899 1003 3965 ci
1024 3897 1190 3976 satisfecit;
1217 3916 1314 3964 unum

324 4157 349 4222 l)
368 4153 439 4208 Vide
456 4153 582 4223 exempla
600 4170 671 4223 quae
691 4153 830 4224 congessit
847 4151 985 4208 olearias:
1004 4151 1061 4208 vic.
1071 4151 1164 4222 Apoll
1174 4151 1189 4206 1
1200 4153 1217 4205 ⁷
1227 4150 1311 4221 (pfl).

223 4251 297 4322 9(p.
319 4252 372 4322 11).
403 4252 435 4304 1⁷
453 4249 492 4320 (p.
510 4250 564 4319 21).
598 4250 625 4304 11
643 4252 659 4304 9
677 4251 713 4320 (p.
734 4251 787 4338 57).
817 4251 852 4303 29
872 4249 983 4319 (pili).
1011 4249 1127 4319 V4(p.
1148 4248 1218 4320 190).
1253 4245 1311 4302 Via

223 4347 333 4418 sopr
355 4349 387 4402 12
406 4346 444 4418 (p.
463 4349 535 4420 496).
553 4349 589 4402 20
606 4348 644 4418 (p.
663 4350 736 4419 512).
