3170 5134
805 447 840 500 56
963 410 965 418 .

273 618 535 702 interpretationis
566 637 659 684 causa
689 617 838 700 adscripti
866 617 948 695 sunt,
980 617 1011 682 et
1040 615 1170 699 repetito
1198 614 1290 682 verbo
1318 608 1367 679 ai·

176 791 180 799 .
274 724 399 809 σχὺνιιν
413 730 444 794 et
458 729 537 794 falso
551 746 608 793 usu
631 726 776 793 adieetivi
791 719 944 806 κατάξιος
955 725 978 810 ¹)
994 725 1191 791 damnantur.
1224 722 1365 789 Ceterum

275 837 401 902 eandem
424 837 486 901 fere
508 835 667 901 continent
686 834 871 899 sententiam
894 852 1007 913 versus,
1031 833 1085 917 qui
1108 833 1142 898 in
1163 831 1285 916 prologi
1307 831 1367 896 fine

274 946 429 1030 leguntur,
451 947 583 1010 50—53.
627 943 776 1027 Apertum
800 944 903 1008 autern
927 944 973 1008 est
994 963 1022 1008 r.
1047 944 1107 1008 257

438 1060 572 1147 γονέας
593 1055 762 1144 ὑβρίζειν
783 1054 861 1136 τούς
883 1054 983 1142 ἐμούς
1005 1050 1068 1123 criu
1088 1048 1199 1148 ἠξίου

275 1180 390 1245 fontem
411 1200 477 1246 esse
498 1179 756 1262 interpolationis,
784 1179 929 1242 -Tum
958 1197 974 1242 e
999 1178 1127 1261 prologo
1155 1179 1261 1242 nostro
1291 1175 1367 1242 eicio

275 1310 304 1355 v.
326 1291 449 1354 47-49

473 1395 574 1461 στένω
599 1393 635 1461 δὲ
655 1392 713 1461 τὸν
734 1389 858 1488 λόγοισι
880 1389 1044 1480 κηδεύοντ’
1067 1393 1139 1477 ἐμοὶ

472 1494 594 1570 ἄθλιον
614 1502 771 1589 Ὀρέστην,
794 1497 829 1568 o'c'
845 1501 920 1568 ποτ’
942 1499 989 1581 εἷς
1002 1492 1257 1588 ’Ἀργοςκμολών

472 1608 594 1698 γάμους
615 1605 760 1700 ἀδελφῆς
780 1613 949 1694 δυστυχεῖς
970 1605 1138 1695 ἐσόψεται,

276 1732 445 1815 quiquam
467 1731 548 1797 male
569 1730 722 1814 quadrent
743 1731 776 1794 in
799 1751 827 1795 v.
849 1730 900 1794 43.
922 1729 964 1794 44
986 1728 1025 1794 ad
1045 1729 1189 1794 honestos
1213 1728 1369 1812 agricolae

276 1859 375 1906 moras
397 1840 584 1922 pertinentes
599 1839 648 1904 vir
665 1858 740 1922 opus
763 1839 809 1904 est
830 1838 975 1904 indicare.
1005 1836 1095 1902 Addo
1118 1855 1242 1902 oausam
1264 1855 1370 1920 gram-

276 1949 433 2028 maticam,
466 1968 561 2032 quem
592 1949 671 2014 forte
700 1947 846 2030 pusillam
878 1947 1039 2013 iudicabis.
1087 1945 1255 2029 Nunquam
1288 1947 1368 2012 enim

276 2057 403 2125 memini
424 2077 472 2124 me
493 2059 595 2141 legera
615 2051 723 2142 λόγοις
744 2077 798 2140 pro
819 2049 906 2143 λόγῳ
926 2058 962 2122 ut
976 2056 1033 2122 sit:
1057 2044 1207 2137 „nomine
1230 2073 1292 2119 non
1306 2054 1369 2120 re“.

278 2166 324 2233 ol.
346 2167 448 2233 locum
470 2167 574 2232 nostro
598 2165 792 2232 simillimum
812 2165 859 2231 lll.
877 2164 1174 2230 laetuslaetus.
1198 2161 1281 2246 Cyol.
1299 2163 1369 2228 155.

277 2275 368 2339 Hero.
391 2277 461 2340 588.
479 2275 549 2339 963.
572 2274 717 2338 Erechth.
741 2273 801 2356 trg.
824 2273 961 2351 362,13.
984 2272 1075 2355 Soph.
1099 2270 1147 2337 nl.
1171 2268 1252 2354 59²).
1294 2271 1370 2337 Post

277 2402 306 2448 r.
330 2384 368 2447 15
391 2385 422 2448 et
443 2384 493 2447 32.
509 2385 551 2448 33
572 2383 622 2447 hic
643 2382 754 2446 tertius
777 2383 863 2447 locus
886 2381 940 2461 est,
964 2399 1024 2465 quo
1046 2379 1125 2446 falso
1143 2378 1264 2446 Orestas
1287 2398 1371 2445 com·

277 2493 476 2557 memoratur.
504 2527 540 2538 -
568 2492 673 2557 Pauca
702 2489 816 2556 addam
844 2491 881 2556 de
911 2489 1060 2574 quattuor
1089 2490 1251 2572 postremis
1280 2487 1371 2554 huius

277 2601 398 2685 prologi
431 2601 577 2680 versibus,
611 2619 687 2684 quos
720 2599 915 2666 acerbissime
945 2599 1125 2682 perstrinxit
1159 2597 1371 2682 Steinborgins

180 2703 184 2714 '
277 2711 299 2775 l.
314 2711 335 2774 l.
350 2710 415 2792 p.5
438 2709 538 2774 causis
557 2727 618 2774 non
639 2708 763 2774 additis.
795 2708 874 2773 Mihi
897 2725 1026 2791 qnoque,
1050 2707 1214 2789 postquam
1236 2706 1371 2771 multum

279 2817 315 2884 da
329 2817 469 2883 hocloco
484 2817 631 2902 cogitavi,
653 2817 781 2883 eandam
793 2817 938 2882 videntur
956 2815 1093 2882 redolere
1109 2814 1259 2880 fabricam
1278 2814 1372 2897 atque
1443 2835 1445 2838 ·

278 2927 683 2993 v.258-261anuedersio
697 2926 847 2991 damnati.
871 2927 939 2992 Hoc
950 2925 1067 2990 certum
1082 2925 1128 2990 cst
1138 2923 1205 3007 ipsa
1216 2923 1373 3006 postrema

278 3036 371 3100 rerba
394 3023 848 3118 mappulatorumque,
884 3053 952 3099 cum
975 3052 1028 3116 per
1051 3052 1083 3098 se
1103 3027 1180 3098 satis
1202 3031 1278 3098 vilia
1309 3031 1372 3096 sint

279 3162 315 3209 ac
342 3143 470 3210 minime
501 3145 670 3227 perspicua,
701 3143 869 3226 Euripidae
900 3162 963 3208 esse
990 3161 1050 3207 non
1072 3157 1169 3224 posse.
1213 3138 1371 3222 Quomodo

202 3242 204 3244 ’
279 3254 383 3318 antem
405 3253 495 3334 pocta
517 3253 680 3336 prologum
696 3251 890 3329 concluserit,
912 3270 950 3316 ne
972 3250 1122 3334 suspicari
1143 3250 1268 3333 quidem
1289 3231 1372 3315 licet.

567 3458 615 3523 12.
659 3457 709 3522 De
731 3456 896 3520 Helenae
918 3454 1081 3536 prologo.

378 3610 474 3675 Nulla
505 3610 551 3675 est
585 3609 666 3674 inter
688 3607 809 3673 fabulas
836 3605 1027 3688 Euripidem,
1060 3623 1139 3686 quae
1167 3603 1255 3670 miris
1286 3603 1373 3668 nodis

280 3715 457 3800 eventisque
480 3716 526 3780 ita
553 3714 687 3780 oblectet
709 3716 802 3795 atque
829 3713 966 3778 attentos
987 3713 1092 3778 teneat
1113 3713 1320 3795 spectantium
1342 3717 1373 3776 et
1505 3765 1508 3770 ,

281 3869 479 3879 ——.--——-—

381 3951 407 4019 1)
427 3949 471 4004 An
489 3946 521 4004 οὐ
538 3943 661 4010 κατάξιος
682 3953 725 4004 est
743 3947 876 4020 ὑβρίζεινῖ
913 3947 1031 4003 Weilius
1049 3947 1177 4020 intellegi
1194 3947 1256 4002 vult
1271 3950 1373 4016 λαβεῖν,

280 4047 355 4117 quod
373 4047 557 4118 grammatica
574 4050 660 4102 vetat.

384 4143 411 4211 2)
429 4143 492 4198 Duo
514 4160 584 4212 quae
601 4146 742 4212 postremo
761 4142 822 4196 loco
840 4143 920 4211 posui
937 4141 1065 4212 exempla
1085 4158 1117 4196 eo
1142 4141 1230 4211 magis
1249 4139 1372 4196 notanda

280 4244 353 4306 sunt,
370 4239 444 4308 quod
462 4233 534 4309 λόγῳ
552 4239 704 4309 opponitur
720 4237 833 4310 plurali.

379 4336 405 4406 3)
423 4334 468 4390 Ex
484 4335 518 4390 N.
538 4335 705 4391 coniectura.
726 4333 810 4390 Laur.
828 4333 914 4389 habet
931 4324 973 4390 αὖ.
