3170 5134
818 457 853 513 58

257 611 260 618 ’
292 631 345 716 qui
368 631 462 696 verba
483 622 535 694 ὅτι
556 665 598 676 --
619 623 753 715 διήνεγκ’
779 631 816 694 ut
842 627 940 696 letum
970 630 1083 696 aetatis
1105 629 1297 714 Byzantinus
1318 629 1384 695 abi·

292 741 399 806 cienda
420 758 484 806 esse
506 739 634 805 censuit.
677 740 722 804 At
742 739 805 805 illis
828 741 957 805 extrusis
980 741 1080 805 cetera
1102 757 1162 805 non
1180 729 1293 804 ¹melius
1314 755 1385 820 pro·

291 849 413 938 cedunt.
458 848 576 914 Audias
598 849 691 915 velim
714 849 937 930 Musgravium‚
972 851 1059 915 ouius
1087 849 1319 916 adnotationem
1345 845 1385 912 ad

291 976 319 1022 v.
344 958 381 1021 11
409 974 497 1021 nomo
525 956 654 1038 dignam
678 957 797 1034 habuit,
830 956 870 1022 ad
900 976 995 1040 quam
1026 956 1211 1022 attenderet:
1258 955 1385 1038 „Inepta

291 1065 452 1131 mutantia.
497 1065 559 1132 Gur
580 1065 662 1132 enim
684 1065 795 1131 matris
818 1067 1044 1145 ornamentum,
1076 1065 1225 1148 quamdiu
1247 1065 1318 1130 erat·
1336 1064 1386 1128 in·

291 1173 369 1252 lans,
393 1175 494 1258 magis
520 1192 613 1256 quam
639 1174 754 1256 postea,
785 1193 854 1238 curn
890 1175 1024 1240 aetatem
1052 1172 1385 1254 maturioremadepta

291 1284 375 1349 osti“
422 1271 529 1350 G‘etera
551 1285 652 1349 mitto.
696 1284 783 1350 Haec
809 1283 979 1350 difficultas
1006 1284 1100 1349 etiam
1130 1284 1200 1365 post
1221 1281 1386 1347 Matthiaei

292 1393 499 1458 coniecturam
515 1394 619 1458 menet
630 1411 728 1476 neque
747 1393 811 1458 ullo
833 1392 964 1458 artificio
980 1393 1130 1459 removeri
1144 1392 1255 1474 potest.
1277 1390 1385 1456 Voluit

291 1501 395 1564 autam
417 1499 453 1583 is,
486 1501 539 1582 qui
561 1501 643 1566 hunc
673 1519 804 1584 versum·
819 1503 943 1584 scripsit
964 1537 1004 1547 —
1027 1521 1100 1568 nam
1123 1500 1300 1582 Euripidem
1323 1517 1385 1564 non

291 1608 447 1691 scripsisse
467 1610 518 1674 vix
540 1627 614 1694 opus
637 1611 683 1674 est
703 1609 859 1676 dicere-
874 1611 955 1675 hunc
977 1610 1147 1676 sententiae
1168 1610 1292 1675 nostrae
1313 1609 1386 1674 sub·

291 1736 354 1783 esse
376 1735 513 1783 sensum:
535 1712 623 1782 Εἰδώ
646 1709 898 1800 ὀνομασθεῖσαν,
924 1713 971 1808 ὅτ’
987 1703 1025 1806 ἢν
1039 1717 1176 1806 βρέφος;
1199 1718 1249 1782 oni
1267 1717 1386 1783 nomini

196 1803 203 1826 ’
291 1826 413 1911 proprio
436 1846 498 1892 non
520 1829 621 1893 minus
643 1828 773 1910 abrupte
795 1847 889 1910 quam
904 1847 932 1892 v.
948 1828 967 1890 9
983 1825 1104 1892 addidit
1119 1826 1200 1892 male
1215 1844 1384 1910 expressam

292 1917 528 2020 etymologiam:
549 1928 588 1999 τὸ
610 1929 733 2020 μητρὸς
754 1926 913 2020 ἀγλάϊσμα
928 1952 969 2002 sc.
986 1938 1110 2020 propter
1124 1931 1385 2019 pulchritudinem

292 2035 406 2124 (εἶδος)
424 2050 444 2122 ).
488 2045 581 2110 Vides
612 2046 646 2110 in
675 2045 782 2111 eadem
815 2047 939 2111 moneta
966 2048 997 2111 et
1028 2045 1087 2110 hoc
1114 2046 1144 2110 et
1171 2043 1386 2127 Theoclymani

292 2155 430 2238 etymum
445 2173 509 2220 esse
522 2156 706 2236 excusumi).
723 2155 888 2220 —Paullo
904 2155 1026 2220 onustius
1049 2154 1086 2220 de
1103 2154 1211 2219 ceteris
1231 2153 1384 2220 iudicabo.

292 2262 459 2330 Offendunt
474 2263 555 2327 enim
578 2281 625 2327 me
640 2282 668 2328 v.
687 2264 725 2327 12
740 2264 833 2328 uerba
856 2255 959 2344 aipein
979 2255 1098 2346 γάμων,
1122 2281 1201 2346 quae
1221 2264 1291 2345 post
1305 2255 1385 2350 ἥβην

292 2372 564 2436 commemoratam
585 2389 709 2453 prorsus
731 2390 918 2453 superuacua
940 2372 1022 2437 sunt.
1056 2371 1190 2437 Maxime
1212 2372 1315 2436 autem
1338 2371 1385 2436 vi·

291 2482 408 2564 tupero,
431 2480 512 2562 quod
527 2498 638 2544 nomen
661 2499 679 2544 a
700 2481 835 2562 populo
850 2480 1032 2547 Psamathes
1046 2480 1129 2546 filiae
1142 2480 1278 2545 inditum
1295 2480 1383 2558 (haec

291 2589 373 2654 enim
395 2590 441 2654 est
462 2588 548 2655 notio
569 2588 698 2672 pluralis
717 2589 881 2670 καλοῦσιν)
911 2590 938 2656 ai
969 2589 1143 2675 opponitur,
1177 2589 1260 2673 quod
1281 2589 1384 2654 infans

290 2697 431 2776 habebat,
454 2698 512 2764 etsi
533 2697 613 2775 hanc
633 2697 873 2781 μετονομασιάν
887 2700 1055 2782 posteriore
1070 2699 1135 2764 eius
1150 2699 1252 2763 aetate
1267 2697 1384 2762 factam

290 2825 353 2872 esse
374 2823 402 2872 v.
426 2807 465 2870 12
493 2805 644 2872 declarat:
677 2807 845 2873 miscentur
872 2809 953 2873 certe
984 2808 1136 2874 hocloco
1165 2807 1295 2872 diversa.
1339 2805 1384 2872 Ut

289 2914 391 2980 brevis
412 2915 480 2995 sim,
503 2915 547 2981 sic
568 2917 644 2998 puto
665 2917 796 2999 scriptos
818 2935 881 2982 esse
902 2917 958 2982 hos
979 2935 1084 2982 versus
1106 2917 1144 2982 ab
1169 2915 1328 2998 Euripide:

293 3153 489 3164 ffl—

390 3293 417 3362 1)
434 3291 607 3348 Vocabulum
625 3287 766 3364 ἀγλάϊσμα
785 3293 942 3362 expiscatus
960 3297 1002 3348 est
1019 3310 1034 3348 e
1053 3310 1076 3346 v.
1097 3294 1159 3347 282.

344 3402 354 3426 r
390 3389 417 3458 2)
435 3387 627 3442 Necessarium
645 3393 695 3452 est,
715 3393 747 3444 ut
765 3406 859 3444 omnes
878 3389 1070 3460 etymologiae,
1095 3407 1162 3459 quae
1182 3389 1256 3460 apud
1272 3387 1384 3458 Euripi·

289 3485 352 3540 dem
372 3485 496 3556 legimus,
516 3489 645 3540 accurate
663 3489 891 3555 percenseantur3
909 3504 998 3555 neque
1010 3487 1081 3540 enirn
1093 3485 1201 3550 dubito,
1221 3485 1384 3554 quinetiam

289 3583 341 3637 hac
360 3582 390 3636 in
407 3599 439 3636 re
454 3597 504 3634 nos
522 3580 662 3636 interdum
681 3581 761 3636 fallat
779 3581 1011 3652 interpolatorum
1031 3582 1211 3652 impudentia.
1244 3581 1283 3636 Ut
1294 3597 1385 3636 exem

289 3678 368 3748 plum
387 3677 515 3732 afferam:
543 3677 573 3730 in
591 3677 665 3731 Ionis
690 3677 784 3731 fabula
802 3681 847 3731 ter
865 3678 982 3748 legimus
1002 3679 1102 3749 ἔτυμον
1118 3677 1201 3730 huius
1219 3676 1339 3731 nominis
1357 3693 1383 3730 v.

290 3775 349 3834 661.
369 3775 430 3828 802.
448 3774 508 3826 sal.
544 3772 665 3827 Putasne
684 3773 850 3843 Euripidem
867 3778 925 3828 tam
946 3774 1089 3843 stupidum
1108 3773 1201 3839 luisse,
1228 3776 1261 3826 ut
1279 3776 1384 3842 specta·

290 3876 363 3926 tores
382 3868 517 3924 eiusmodi
534 3868 712 3938 repetitiones
731 3887 814 3940 aegre
835 3870 909 3924 ferre
927 3887 984 3924 non
1010 3869 1264 3924 animadverteret?
1299 3870 1339 3924 Ac
1356 3886 1385 3922 v.

289 3967 350 4022 830.
368 3968 399 4019 31
420 3982 476 4019 non
494 3965 583 4018 solum
601 3968 742 4034 suspectae
757 3964 833 4034 fidei,
850 3970 883 4020 nt
901 3967 941 4021 ait
959 3967 1002 4034 Na,
1031 3965 1080 4020 sed
1098 3964 1250 4020 certissime
1273 3964 1381 4035 spurios

289 4081 347 4118 csse
366 4067 393 4117 et
411 4062 498 4116 verba
518 4066 546 4116 et
567 4077 652 4116 nexus
680 4063 881 4117 sententiarum
908 4063 974 4117 satie
1003 4063 1119 4130 docent;
1149 4078 1238 4130 neque
1265 4062 1383 4116 alterurn

288 4163 380 4215 locum
401 4159 553 4229 genuinum
579 4162 656 4226 puto,
684 4159 732 4213 sed
759 4158 891 4212 delendos
919 4159 1056 4214 existumo
1084 4177 1110 4213 v.
1130 4157 1280 4225 suo-807,
1308 4155 1383 4225 qnod

289 4261 383 4310 tamen
400 4256 520 4325 probare
538 4247 651 4326 longum
670 4259 719 4310 est.
758 4253 800 4310 cf.
818 4253 902 4310 velim
921 4271 947 4309 v.
967 4255 1116 4322 con—667,
1136 4255 1285 4319 802-807,
1303 4269 1384 4322 prae-

289 4355 366 4408 terea
383 4351 464 4407 valde
481 4355 626 4422 corruptos
644 4356 673 4407 et
692 4355 859 4408 remaetatos
878 4369 905 4406 v.
926 4351 1111 4407 llas-1181.
