3170 5134
736 439 770 494 tt

209 606 255 674 cf.
276 608 345 674 Hel.
369 609 438 674 784.
460 609 531 675 974.
562 609 653 693 Soph.
675 611 784 676 lrach.
807 611 857 676 27.
902 612 946 678 Ut
976 613 1081 695 paucis
1112 616 1297 683 sententiam

208 737 308 784 msam
331 718 526 801 complectar,
547 721 592 784 sie
612 720 687 802 puto
703 719 879 803 Euripidem
900 721 971 786 inde
993 740 1056 787 av.
1071 724 1111 787 25
1126 724 1297 807 scripsisse:

356 823 430 891 ἐπεὶ
451 825 560 892 δὲκαὶ
581 830 672 892 τοῦτ’
694 814 732 912 ἦν
753 823 861 915 φόβου
883 829 1008 894 πολλοῦ
1030 829 1148 908 πλέων,

270 937 310 1000 27
353 939 480 1002 κτανεῖν
501 939 558 1023 σφ’
581 932 744 1018 έβοέλεοά
765 931 881 1014 αὐτός·
905 928 1073 1023 ω’μόφρων
1092 939 1120 1003 δ’
1145 935 1235 1022 ὅμως

355 1039 460 1132 μήτηρ
483 1069 531 1112 νιν
552 1045 710 1128 ἐξέσωσεν
730 1042 901 1130 Αἰγίσθου
922 1041 1025 1129 χερός.

271 1155 310 1220 31
354 1152 389 1218 ἐκ
412 1155 515 1221 ταῖνδε
537 1151 577 1244 δὴ
600 1150 718 1221 τοιόνδ’
741 1149 979 1242 ἐμηχανήσατο·

270 1264 311 1328 34
353 1257 430 1348 ἡμῖν
451 1263 525 1351 λέχη
546 1264 679 1330 δίδωσιν
700 1256 880 1349 Ἠλέκτραν
903 1261 996 1345 ἔχειν,

269 1375 309 1438 39
356 1366 400 1450 ὠς
418 1366 557 1440 ἀσθενεῖ
576 1370 653 1452 σούς
674 1366 799 1461 ἀσθενῆ
820 1369 918 1455 λάβοι
939 1369 1054 1459 φόβον.
1072 1379 1074 1388 ’

208 1483 245 1547 V.
267 1483 391 1548 40-42
418 1484 481 1547 iam
503 1481 714 1548 Kirehhoffius
735 1483 768 1548 in
790 1483 923 1549 editione
951 1483 1067 1549 minore
1094 1483 1151 1548 snb
1179 1481 1298 1546 textum

207 1591 375 1675 relegavit3
396 1590 469 1655 sunt
490 1590 572 1655 enim
588 1609 623 1656 er
637 1591 798 1657 notissimo
819 1591 873 1658 illo
888 1591 1162 1674 interpolationum
1179 1609 1297 1674 genere,

208 1717 269 1782 quo
288 1717 390 1774 causa,
423 1699 460 1762 ut
484 1698 579 1782 logici
599 1698 717 1778 dieunt,
748 1718 764 1763 e
792 1699 947 1764 contrario
971 1699 1162 1781 ropetitur1).
1205 1699 1323 1764 Prae·¹

208 1807 292 1872 tersa
314 1824 480 1889 pronomen
501 1800 538 1896 ἦν
559 1807 650 1872 initio
675 1826 703 1871 v.
724 1808 766 1871 43
787 1807 922 1890 positum
945 1809 976 1873 et
997 1827 1025 1874 r.
1047 1809 1171 1878 40—42
1194 1808 1224 1873 oc
1248 1826 1299 1874 eos

209 1934 285 1998 quos
317 1934 409 1998 supra
441 1916 647 1981 tractavimus
679 1916 803 1980 35-38
836 1914 980 1982 delendos
1007 1935 1070 1982 csse
1102 1916 1228 1982 clamat.
1258 1953 1299 1962 -

209 2024 318 2090 Versni
342 2025 384 2090 44
419 2003 426 2016 ⁸

404 2121 538 2220 ᾔσχυνεν
559 2125 647 2219 εάνῇ·
670 2132 839 2216 παρθένος
862 2132 894 2232 δῖ
913 2129 958 2200 ἔτ’
982 2131 1050 2199 ἐστὶ
1072 2128 1111 2222 δή

208 2243 329 2310 obelum
352 2241 493 2325 praefixit
514 2242 555 2307 N.
569 2242 646 2307 Mel.
662 2241 865 2308 &cco-Rom.
881 2244 913 2309 ll
928 2263 958 2326 p.
970 2243 1045 2324 2523
1068 2243 1174 2308 tamen
1185 2259 1299 2325 vereor,

206 2371 245 2418 ne
269 2351 317 2415 rir
340 2350 537 2417 doctissimus
564 2351 658 2416 sicuti
685 2371 715 2416 r.
740 2353 777 2417 17
811 2352 889 2418 falso
914 2352 982 2417 loco
1010 2350 1187 2426 offendarit;
1218 2351 1300 2416 certe

206 2450 437 2544 ἀποσιώπησις
466 2460 543 2525 mihi
570 2479 589 2526 a
616 2460 751 2542 simplici
773 2461 893 2544 prologi
915 2460 1086 2529 elocutione
1108 2477 1231 2543 prorsus
1252 2459 1301 2524 vi·

207 2570 296 2636 detur
318 2569 488 2634 abhorrere.
537 2569 583 2633 Ac
604 2569 848 2636 aemulandum
879 2568 1003 2652 quidem
1035 2587 1140 2634 censeo
1172 2566 1300 2634 verbnm

206 2667 341 2766 ᾔσχυνεν
362 2695 432 2742 cum
454 2676 568 2744 Wailio
590 2678 622 2742 et
643 2677 920 2744 Ranohmsteinio:
953 2677 1026 2761 quid
1055 2677 1146 2761 enim,
1176 2695 1298 2760 quaeso,

206 2788 300 2870 inest
317 2787 399 2870 qnod
413 2787 480 2852 iure
494 2786 670 2868 vituperes?
703 2786 814 2852 Nonne
836 2806 868 2853 re
890 2805 963 2852 uera
985 2788 1154 2868 stuprum
1176 2783 1299 2868 essen),

206 2897 232 2961 si
254 2896 402 2979 agricola,
425 2897 515 2960 homo
537 2913 654 2978 pauper
675 2896 705 2960 et
724 2895 859 2979 humilis,
890 2914 960 2961 cum
983 2895 1116 2974 Electra,
1143 2894 1224 2976 regis
1245 2912 1300 2976 po-

206 3003 374 3070 tentissimi
396 3002 470 3081 iilia,
493 3004 729 3070 concumberet?
761 3003 889 3070 Concise
910 3003 1009 3086 igitur
1030 3005 1061 3068 et
1081 3003 1195 3086 optime
1209 3002 1299 3067 lluri·

206 3112 292 3195 pides
311 3111 466 3195 agricolae
488 3130 587 3178 mores
609 3113 752 3178 honestos
769 3112 930 3195 expressim
952 3111 1074 3178 addidit
1086 3111 1298 3194 interpolator,

207 3220 261 3314 oni
281 3221 488 3304 spectantium
511 3222 558 3288 vel
578 3221 749 3304 legentium
769 3221 896 3305 ingenia
918 3221 1012 3288 rerba
1033 3221 1100 3286 tam
1123 3238 1226 3303 pressa
1247 3238 1300 3286 ca·

207 3349 277 3413 pere
299 3350 360 3397 non
381 3349 469 3414 posse
495 3331 717 3397 existumabat:

355 3441 397 3505 45
439 3433 630 3523 αἰσχύνομαι
650 3434 712 3524 χάρ
734 3430 856 3521 ἀλβίων
877 3430 1003 3522 ἀνδρῶν
1023 3436 1118 3502 τέκνα

438 3543 547 3630 λαβών
568 3543 717 3630 ὑβρίζειν,
741 3538 781 3613 ori
802 3541 952 3628 κατάξιος
973 3540 1082 3631 γεγώς.

208 3658 268 3740 Qui
290 3673 403 3738 vorsus,
427 3677 497 3723 cum
519 3677 573 3741 per
594 3677 625 3723 se
645 3659 744 3724 multo
767 3659 868 3722 minus
883 3656 989 3722 dicant
1009 3675 1102 3740 quam
1125 3655 1148 3720 ii
1168 3654 1208 3720 ad
1224 3672 1300 3738 qnos

307 3859 335 3931 1)
353 3858 442 3927 Quam
464 3859 606 3914 celerrime
631 3859 715 3914 velim
741 3858 832 3913 deleas
857 3857 1031 3928 turpissimos
1058 3861 1087 3912 et
1114 3855 1301 3924 ineptissimos

208 3971 301 4010 veram
320 3955 416 4010 eodem
433 3955 604 4024 pertinentes
623 3957 774 4010 417-419.

306 4052 334 4119 2)
351 4050 431 4105 Hanc
449 4051 591 4106 notionem
614 4051 699 4106 habet
722 4055 819 4106 nostro
845 4051 905 4106 loco
930 4050 1047 4105 verbum
1075 4043 1223 4120 αἰσχύνειν.
1260 4047 1300 4101 Cf.

207 4145 337 4202 Erechth.
357 4145 411 4217 irg.
429 4148 544 4216 364‚27.
570 4147 699 4208 Getarum
716 4165 773 4202 non
792 4148 965 4218 neglegenda
984 4152 1026 4201 est
1044 4147 1179 4202 Kritalae
1197 4144 1302 4200 coniec-

208 4247 273 4297 tura
300 4241 425 4312 (mucia
441 4259 477 4297 ιιι
494 4243 651 4313 Euripidae.
691 4243 867 4299 Wioa1879.
892 4259 919 4314 p.
938 4243 985 4312 49)
1014 4227 1045 4310 ἧς
1063 4271 1096 4284 -··
1116 4236 1203 4318 εὐνήν.
1240 4240 1302 4313 Ego

208 4344 301 4393 tamen
319 4357 375 4395 non
393 4339 538 4395 assentior.
