3124 5138
711 491 747 544 3⁷

348 659 407 728 σόν
426 664 533 748 μητρί,
555 663 650 729 τέκνα
670 658 715 750 μη
739 658 864 729 θόνωσ’
885 660 1091 747 Ἡρακλέους.

178 789 260 855 Nam
283 789 310 854 si
332 789 494 874 Euripides
516 791 573 857 hoe
604 792 671 857 looo
693 790 853 874 Megaram
886 790 991 856 adesse
1024 790 1159 870 dixisset,
1192 793 1273 857 oerte

178 897 260 964 idem
294 915 430 981 expresse
460 897 497 963 de
526 897 631 964 liberis
664 899 902 982 pronuntiasset.
948 897 1007 963 Sed
1035 915 1104 962 eum
1127 897 1274 980 Megaran

177 1027 207 1072 u.
229 1007 249 1072 9
273 1000 444 1090 (Μεγάρας
463 1003 594 1090 τῆσδε)
621 1008 652 1072 et
675 1007 714 1073 14
741 999 911 1090 (Μεγάραν
931 999 1071 1091 τήνδε),
1104 1005 1271 1071 liberorum

177 1136 207 1180 u.
229 1118 270 1180 42
292 1112 391 1200 (οἵδ’)
417 1115 533 1180 mentio
560 1115 644 1180 faeta
671 1115 759 1195 esset,
792 1115 843 1182 hio
864 1115 975 1180 noluit.
1019 1115 1183 1180 Praeterea
1203 1114 1273 1196 plus

177 1244 272 1308 quam
302 1224 409 1290 futilia
438 1225 511 1290 sunt
536 1224 631 1291 verba
652 1222 746 1288 τέκνα
767 1219 812 1313 μὴ
834 1217 961 1289 θόνωσ’
982 1217 1189 1307 Ἡρακλέους.
1232 1243 1272 1270 ’-

176 1333 284 1400 Altera
306 1333 515 1416 interpolatio,
537 1352 565 1399 v.
588 1334 637 1398 53.
660 1334 701 1398 54

323 1455 467 1542 πλευρὰς
487 1455 656 1536 τιθέντες·
679 1456 715 1523 έκ
735 1453 795 1542 γὰρ
816 1455 1070 1544 ἐσφραγισμένοι

324 1561 436 1650 δόμων
458 1561 626 1656 καθήμεθ’
648 1558 773 1655 σίπορίηι
794 1565 957 1652 σωτηρίας
1041 1635 1044 1643 ,

176 1692 299 1776 explosa
317 1692 364 1760 est
383 1694 424 1759 ab
438 1693 582 1772 Usenero,
606 1694 660 1776 qui
678 1690 848 1776 τιθέμενοι
863 1711 918 1775 pro
931 1691 1080 1770 τιθέντες
1094 1691 1270 1770 desiderari,

58 1799 64 1814 '
179 1797 464 1885 έξεσφρυμσμένοι
485 1821 521 1867 ea
544 1822 605 1885 qua
633 1802 684 1867 hio
711 1803 878 1884 usurpatur
905 1801 1030 1868 notione
1056 1821 1094 1866 ne
1117 1801 1270 1867 Graecum

176 1908 300 1990 quidem
322 1901 386 1974 asse
406 1910 482 1976 bene
504 1911 665 1994 cognouit3
695 1910 788 1992 uerba
809 1898 967 1994 dorendorp
990 1906 1081 1993 πέδῳ
1103 1908 1271 1992 interpola-

176 2017 274 2082 torem
287 2018 504 2099 prouooamnt,
529 2018 582 2100 qni
601 2038 629 2082 v.
642 2019 704 2083 330
726 2019 781 2080 νῦν
801 2010 861 2100 γὰρ
882 2012 1106 2104 ἐκκεκλῄμεθα
1126 2015 1159 2079 in
1180 2034 1271 2081 usum

177 2142 267 2189 snum
296 2125 458 2192 convertit.
502 2125 615 2192 Facere
634 2127 738 2191 autem
766 2144 827 2206 non
849 2143 987 2208 possum,
1021 2125 1095 2208 quin
1119 2144 1190 2190 eum
1212 2125 1270 2189 hoo

175 2233 243 2298 looo
276 2233 409 2299 alterum
440 2233 626 2318 coniungam
653 2253 672 2299 a
693 2232 800 2298 multis
822 2233 897 2298 viris
923 2233 1022 2299 doctis
1044 2233 1075 2298 et
1096 2232 1270 2316 nuperrime

174 2341 349 2408 aMeklero
375 2339 625 2425 (Euripideorum
654 2362 683 2424 p.
706 2339 760 2425 51)
793 2342 959 2424 agitatum.
1003 2342 1156 2407 Audimus
1187 2341 1269 2406 enim

174 2449 208 2513 in
228 2450 356 2533 prologo
377 2449 636 2532 Amphitruonem
658 2469 729 2515 oum
750 2450 879 2534 Megara
900 2451 931 2516 et
951 2449 1056 2516 liberis
1069 2449 1214 2516 Herculis
1228 2449 1267 2515 ad

174 2577 262 2623 arem
284 2559 368 2625 Iovis
385 2558 558 2625 Servatoris
580 2559 613 2625 in
634 2559 699 2625 solo
720 2560 828 2638 iacere,
850 2559 992 2642 idemque
1014 2557 1216 2625 oonfirmatur
1237 2561 1268 2625 et

173 2666 248 2750 Lyci
261 2667 354 2732 minis
373 2667 524 2752 n243sq.
546 2670 577 2734 et
590 2668 736 2752 Megarae
757 2668 898 2750 precibus
920 2688 948 2733 v.
961 2669 1022 2734 329
1037 2687 1084 2752 sq.
1119 2667 1179 2734 Sed
1199 2667 1268 2750 lego
1338 2654 1341 2660 ’

172 2793 277 2841 uersus
299 2777 439 2843 73-79:

323 2898 359 2968 οἳ
374 2903 404 2968 δ’
427 2905 474 2982 είς
496 2900 626 2988 ἔλεγχον
646 2894 744 2982 ἄλλος
764 2893 909 2971 ἂλλοθεν
931 2904 1064 2990 πίτνων,

321 2997 348 3076 ὦ
369 3015 480 3101 μῆτερ,
503 3003 595 3102 αόδᾷ,
617 3015 680 3078 ποῖ
701 3007 809 3102 πατὴρ
831 3003 951 3079 δίπεστι
972 3015 1049 3098 γῆς,·

319 3119 352 3186 τί
372 3121 452 3209 δρᾷς
474 3115 557 3187 πόθ’
582 3116 666 3210 ἥξεις
687 3124 735 3208 τῷ
757 3121 819 3208 νέῳ
842 3121 870 3188 δ1
894 3121 1091 3210 ἐσφαλμένοι

321 3230 450 3316 ζητοῦσι
472 3225 530 3295 τόν
550 3229 691 3296 τεκόντ’·
713 3226 776 3314 ἐγώ
795 3231 832 3297 δὲ
852 3229 999 3317 διαφέρω

319 3333 444 3423 λόγοισι
466 3335 678 3422 μυθεόουσα’
701 3335 878 3423 θαυμάζων
886 3337 910 3424 ¹)
931 3340 959 3406 δ
984 3334 1064 3406 ὅταν

320 3442 439 3513 πόλοι
461 3451 640 3536 ψοφῶσι,
661 3455 727 3528 πᾶς
747 3439 912 3536 ἀνίστησιν
934 3443 1023 3514 πόδα

322 3551 366 3636 ιός
387 3553 473 3639 πρὸς
494 3558 652 3644 πατρῷον
673 3552 962 3643 προσπεσούμενοι
982 3553 1069 3642 γόνυ.

170 3683 280 3750 Nonne
295 3684 388 3750 uerba
403 3677 484 3749 ὅταν
504 3678 606 3748 πύλαι
620 3684 796 3771 unedoni.
812 3704 838 3752 e.
855 3686 997 3768 quotiens
1011 3686 1101 3768 porta
1116 3684 1264 3770 crepam),

169 3788 345 3873 significare
359 3790 505 3856 videntur
518 3790 660 3856 Herculis
681 3791 793 3857 liberos
815 3792 912 3857 domi
935 3794 1071 3858 versari?
1094 3794 1153 3860 Sed
1170 3794 1264 3860 etiam

169 3896 240 3964 aliis
263 3899 381 3964 mendis
401 3898 450 3963 illi
472 3918 578 3965 uersus
600 3899 754 3979 laborant,
786 3919 916 3984 quorum
946 3902 1097 3967 nonnulla
1118 3903 1265 3986 cognovit

169 4007 364 4090 Hartungus.
405 4007 496 4073 Falso
530 4009 613 4074 enim
645 4009 795 4092 usurpata
827 4010 901 4074 sunt
935 4010 1027 4076 verba
1060 4005 1107 4088 εἰς
1135 4006 1265 4094 ἔλεγχον
1358 4053 1360 4058 -

172 4189 369 4200 -ι-ιι-ια-ι-ιι

271 4279 298 4349 1)
315 4277 362 4336 Sio
378 4283 455 4336 neoto
473 4280 633 4338 emendavit
650 4281 685 4336 Κ.

269 4376 299 4446 2)
318 4375 360 4431 ef.
378 4376 441 4447 Lyn.
460 4377 474 4431 I
495 4379 535 4432 14.
558 4380 599 4434 17.
