3184 5140
819 489 854 542 40

287 677 411 743 operam
433 658 548 739 darem,
581 661 775 743 persuaserat
797 660 973 727 Sabmidius
999 663 1103 728 totum
1126 663 1268 747 Euripidi
1295 663 1386 730 abiu·

289 767 456 834 dicandum
486 786 565 834 esso:
599 787 681 833 nuno
707 769 832 834 meliore
852 769 1052 853 prologorum
1074 770 1310 854 Euripideorum
1332 789 1385 836 oo·

286 877 427 960 gnitione
448 877 587 943 imbutus
608 877 701 943 aliter
715 877 824 964 sentio.
854 878 1007 946 Tenemus
1021 897 1094 944 sane
1114 878 1199 945 Ionis
1220 880 1384 964 prologum

287 985 395 1050 multis
420 987 451 1050 et
472 985 694 1051 additamentis
716 987 748 1052 et
768 987 1040 1054 immutationibus
1057 988 1262 1071 posteriorum
1277 1006 1384 1054 maeu-

286 1095 388 1160 latum
410 1113 508 1178 neque
528 1094 612 1160 ullus
634 1094 782 1178 prologus
804 1095 991 1162 luculentius
1006 1089 1128 1179 probat,
1151 1095 1234 1180 quod
1248 1097 1282 1161 in
1295 1115 1384 1179 prae-

287 1205 404 1269 fatione
425 1204 497 1287 dixi,
529 1205 640 1270 sciolos
662 1205 719 1269 aut
742 1223 815 1270 suae
842 1205 1002 1271 doetrinae
1023 1204 1157 1271 bustula
1178 1206 1235 1272 aut
1256 1225 1291 1270 er
1317 1205 1385 1288 ipsa

286 1312 393 1380 fabula
415 1313 514 1396 petita
535 1313 673 1396 prologis
694 1313 869 1379 intrusisse:
904 1315 1011 1378 tamen
1038 1332 1136 1397 neque
1161 1314 1236 1380 ordo
1258 1315 1386 1398 genuini

287 1422 409 1506 prologi
431 1423 571 1488 mutatus
590 1423 637 1486 eet
667 1422 698 1488 et
728 1423 844 1488 multos
870 1441 976 1488 versus
1003 1405 1063 1489 aut'
1084 1422 1226 1506 Euripidi
1249 1423 1385 1489 tribuere

288 1531 344 1597 aut
365 1531 398 1596 in
420 1531 553 1596 formam
575 1532 773 1615 Euripideum
794 1532 933 1616 redigere
956 1531 1126 1597 oertmsime
1146 1530 1228 1598 lieet.
1249 1567 1286 1578 -
1302 1531 1387 1597 Mer-

288 1641 393 1706 curius
414 1641 513 1724 igitur
536 1639 749 1724 προλογίζων,
781 1641 945 1723 postquam
974 1639 1083 1722 primis
1109 1640 1226 1722 septem
1248 1641 1387 1707 uersibus

289 1751 320 1815 et
341 1767 439 1832 genus
460 1769 550 1815 suum
572 1751 604 1828 et
625 1751 727 1815 locum
751 1749 883 1816 aetionis
904 1749 1029 1817 fabulae
1050 1749 1199 1832 exposuit,
1220 1750 1292 1815 inde
1313 1769 1332 1816 a
1355 1769 1384 1815 r.

289 1860 391 1924 8-75
414 1859 540 1942 parturn
563 1859 648 1925 Ionis
675 1860 706 1924 et
725 1860 793 1925 lata
815 1859 881 1924 eius
903 1859 1074 1942 matrisque
1097 1857 1229 1924 Creusae
1248 1860 1384 1926 enarrat.

289 1965 457 2032 Postremis
478 1966 601 2050 prologi
622 1967 761 2033 uersibus
776 1967 899 2032 76-81
916 1968 1079 2033 eonsilium
1096 1985 1112 2033 e
1127 1985 1239 2034 soaenu
1253 1966 1388 2033 abeundi

289 2077 514 2159 spectatoribus
533 2077 648 2159 prodit.
692 2075 785 2142 Vides
809 2077 1029 2160 argumentum
1051 2076 1082 2142 et
1107 2076 1248 2142 ordinem
1266 2075 1388 2160 prologi

289 2186 381 2268 plane
402 2185 612 2268 Euripideum.
656 2186 704 2250 Ao
723 2185 839 2268 primos
862 2185 986 2269 quidem
1008 2185 1132 2261 fabulae
1154 2202 1260 2250 uersus
1274 2203 1311 2250 ea
1325 2203 1387 2268 qua

289 2294 322 2358 in
345 2293 501 2359 oodiaibus
524 2294 645 2359 exstant
666 2295 768 2360 forma
789 2295 918 2361 tolerari
940 2313 1001 2360 non
1019 2312 1107 2377 posse
1121 2293 1199 2359 satis
1216 2292 1388 2360 docuerunt

291 2402 350 2466 viri
372 2401 472 2482 deoti3
508 2400 690 2483 Euripideos
711 2419 775 2466 esse
812 2419 901 2468 nemo
934 2403 988 2486 qui
1018 2419 1136 2466 morem
1159 2401 1251 2466 buius
1279 2400 1388 2482 poetae

290 2510 380 2576 norit
399 2509 536 2592 negabit.
581 2509 625 2575 Ut
646 2509 756 2574 statim
776 2529 877 2575 meam
900 2509 1087 2576 sententiam
1109 2510 1278 2592 proferam:
1312 2508 1388 2590 puto

291 2620 417 2702 periisse
438 2619 512 2683 olim
534 2637 609 2684 oasn
631 2617 737 2702 aliquo
758 2619 929 2702 postremas
952 2619 1045 2702 primi
1067 2620 1098 2684 et
1124 2618 1254 2684 alterius
1283 2635 1389 2683 versus

291 2727 437 2811 syllabas,
468 2728 575 2809 postea
596 2726 735 2793 infausta
757 2728 898 2794 Minerva
920 2746 985 2802 esse
1005 2727 1171 2810 suppletas.
1215 2725 1389 2793 Dolendum

290 2836 389 2918 igitur
410 2835 514 2901 iudioo
537 2827 675 2918 οὐρανόν
696 2838 728 2902 et
748 2834 871 2919 τρίβων
886 2838 989 2916 θεῶν,
1012 2837 1113 2902 eetera
1135 2837 1172 2900 ut
1193 2836 1289 2918 proba
1306 2852 1390 2900 mor-

292 2944 379 3009 dious
400 2943 543 3008 torrenda.
587 2943 772 3010 Coniectura
794 2945 899 3011 autom
920 2944 961 3010 N.
984 2963 1058 3010 usus
1080 2944 1270 3010 dubitanter·
1284 2959 1390 3011 versus

291 3054 336 3118 sio
357 3053 503 3120 restituo:

481 3152 607 3240 ’Ἀτλας
628 3157 647 3228 ὁ
668 3161 833 3244 χαλκέοισι
855 3158 1007 3230 νώτοισιν
1027 3163 1140 3251 φέρων

491 3274 585 3337 θεῶν
606 3269 748 3339 παλαιὸν
769 3264 863 3339 οἶκον
884 3269 922 3340 ἐκ
947 3273 1213 3340 mauridomo

292 3383 375 3449 Puto
400 3383 483 3449 enim
511 3383 571 3448 boe
592 3385 778 3450 vocabulum
801 3385 838 3450 de
859 3383 988 3451 Pleione
1013 3385 1079 3452 filia
1102 3385 1253 3451 Titanum
1276 3385 1393 3452 Ooeani

293 3494 324 3558 et
346 3492 483 3577 Tethyn,
506 3493 607 3560 matre
626 3492 739 3576 Maiae,
760 3496 843 3560 recte
865 3494 1008 3579 usurpari
1029 3513 1126 3578 posse.
1154 3494 1239 3561 Nam
1257 3495 1284 3560 si
1299 3495 1391 3561 Enri-

293 3601 378 3684 pides
400 3600 619 3667 Prometheum
646 3605 765 3666 Τιτᾶνα
787 3604 866 3683 (lon.
888 3604 975 3684 455),
995 3604 1130 3687 Meropis
1151 3605 1219 3688 (qui
1240 3623 1280 3670 ne
1296 3605 1389 3670 Titan

293 3711 417 3794 quidem
440 3711 499 3792 est)
522 3711 621 3776 filiam
640 3711 794 3776 Τιτανίδα
812 3706 933 3794 κούραν
947 3713 1031 3797 (Hel.
1048 3714 1123 3795 382)
1144 3715 1291 3797 appellat,
1313 3714 1390 3779 satis

293 3821 505 3904 intellegimus
537 3839 599 3886 non
627 3823 809 3887 ercumbam
837 3841 900 3888 esso
929 3822 1010 3905 apud
1040 3842 1110 3888 eum
1131 3825 1222 3890 huius
1243 3821 1390 3889 vocabuli

294 3949 385 3995 usum
394 3932 428 4010 ¹).
477 3930 655 4013 Euripidem
685 3933 790 3997 autem
819 3931 1077 4012 matrethaiae
1105 3933 1250 4000 aeourate
1281 3932 1390 3997 notare

293 4039 428 4104 noluisse
449 4040 585 4107 ostendit
606 4039 685 4123 μιᾶς
705 4061 735 4107 r.
747 4043 776 4107 3.
801 4078 840 4088 -
859 4042 915 4107 Vix
938 4042 1103 4126 quisquam
1123 4042 1290 4121 dubitabit,
1313 4044 1388 4126 quin

295 4147 487 4214 Wealrlinius
507 4167 538 4215 r.
560 4150 580 4214 5
601 4149 685 4215 reete
706 4148 750 4215 sio
772 4149 997 4216 emendaverit:

395 4377 423 4450 1)
442 4376 483 4432 Of.
502 4381 648 4448 praeterea
665 4378 758 4448 hymn
778 4376 993 4452 Orpbxxxvl
1009 4329 1391 4449 alimoniarum«.
