3170 5134
829 459 865 512 96

299 631 468 714 repetatur.
510 629 677 696 Concludit
697 633 800 696 totum
823 633 987 716 prologum
1010 651 1114 698 versus
1136 632 1168 697 in
1190 634 1247 698 hoc
1270 635 1394 702 senteu-

298 741 416 806 tiarum
437 759 516 805 nexu
534 740 772 806 insulsissimus:

439 845 559 926 πιστὸς
581 845 640 932 γὰρ
660 839 768 934 ἀλόχῳ
789 853 861 925 τοῖς
881 848 910 912 τ’
933 847 1025 930 ἐμοῖς
1046 843 1197 932 δόμοισιν
1217 842 1258 916 εἷ.

300 958 382 1039 Quid
405 958 532 1023 tandem
559 958 634 1024 fides
661 960 742 1024 11111
769 959 808 1024 ad
832 961 1050 1042 argumentum
1073 959 1224 1041 epistulae
1244 961 1285 1025 ab
1305 941 1394 1043 Aga-

300 1085 460 1132 memnone
480 1067 656 1133 recitandae
675 1068 834 1150 pertinet?

400 1175 460 1242 Sed
481 1176 574 1242 finem
596 1177 748 1242 faciamus
778 1176 1057 1260 conquirendorum
1082 1177 1286 1259 ineptiarum
1317 1176 1392 1260 quid

300 1284 461 1367 Euripides
482 1283 649 1366 scripserit,
670 1285 903 1368 investigemus.
946 1286 994 1348 Ac
1016 1287 1149 1367 primum
1172 1285 1296 1367 quidem
1315 1286 1393 1350 mihi

300 1393 503 1458 necessarium
525 1393 657 1472 ridetur,
680 1394 716 1457 ut
738 1394 956 1458 commemoret
968 1394 1163 1476 Agamemno
1178 1393 1315 1458 conscios
1329 1412 1393 1458 1111
1458 1429 1462 1436 =

299 1502 420 1566 consilii
441 1502 490 1566 111
512 1501 691 1583 Iphigeniae
712 1501 921 1567 immolandae
938 1501 1148 1584 Calchantem,
1172 1503 1305 1584 Ulixem,
1327 1501 1394 1566 Me-

300 1611 432 1675 uelaum.
474 1609 559 1675 Nam
580 1609 757 1674 Menelaum
784 1610 862 1674 scire
888 1612 1016 1693 apparet
1037 1631 1054 1676 e
1073 1612 1212 1677 diverbio
1234 1613 1299 1676 eius
1323 1631 1393 1676 cum

301 1721 533 1802 Agamemnone
549 1718 620 1782 indo
637 1738 699 1784 11.
714 1720 789 1794 317;
810 1719 848 1784 11
867 1719 956 1784 Ulixe
975 1719 1057 1784 idem
1077 1721 1182 1784 mouet
1199 1720 1394 1802 Agamemno

301 1849 329 1892 1.
341 1831 412 1892 524.
445 1827 571 1892 Novum
593 1829 697 1892 autem
719 1829 801 1908 regis
816 1829 980 1894 consihum
995 1829 1156 1911 Euripides
1170 1829 1287 1912 duplici
1302 1830 1394 1895 modo

299 1937 491 2010 conformare
512 1937 649 2019 poterat:
673 1939 738 2014 aut,
762 1939 798 2002 ut
818 1938 852 2001 11
874 1940 997 2003 1111111
1018 1939 1118 2020 prima
1137 1938 1262 2003 fabulae
1282 1957 1393 2002 111111

299 2066 346 2111 res
361 2046 416 2124 est,
438 2045 632 2128 Agamemno
645 2047 714 2111 tum
728 2065 798 2110 1111
812 2047 975 2128 prologum
997 2046 1149 2111 recitabat
1170 2047 1394 2128 conscripserat

298 2154 464 2237 epistulam
486 2154 527 2218 ad
549 2152 828 2238 Clytaemnestram
849 2155 1044 2233 mittendam,
1065 2157 1122 2219 aut
1143 2155 1212 2236 post
1230 2156 1393 2238 prologum

299 2264 463 2328 recitatum
494 2263 667 2344 scripturus
698 2265 776 2327 erat.
819 2262 926 2328 Priore
955 2265 1057 2328 autem
1089 2263 1180 2328 modo
1212 2263 1393 2346 Euripidem

299 2372 438 2436 fabulam
459 2372 633 2436 instituisso
654 2389 711 2452 ego
733 2389 794 2435 nou
816 2371 914 2436 credo.
958 2371 992 2436 Si
1007 2371 1137 2449 fecisset,
1157 2372 1212 2436 111
1224 2373 1394 2454 Agamem-

300 2479 567 2545 nonievocandus
589 2479 655 2543 erat
677 2497 766 2543 senex
788 2479 819 2542 et
841 2478 878 2543 de
900 2479 1047 2544 mandato
1069 2479 1241 2544 edocendus
1263 2515 1303 2556 τ
1322 2482 1391 2543 tum

299 2589 406 2654 eadem
428 2589 501 2667 fere,
523 2607 601 2671 quae
621 2587 725 2670 paullo
741 2589 815 2653 ante
834 2588 1060 2670 spectatoribus
1073 2590 1107 2653 in
1120 2588 1248 2672 prologo
1263 2589 1393 2665 dixerat,

299 2698 339 2763 ad
361 2717 464 2762 senem
485 2715 650 2762 conversus
670 2699 806 2779 repetere
826 2697 958 2762 debebat
972 2697 1126 2778 simulque
1140 2699 1261 2778 partem
1274 2699 1394 2780 primae
1472 2766 1475 2777 ,

297 2825 426 2872 scaenae
447 2805 633 2888 Euripideae
653 2806 778 2888 periisse
805 2806 1003 2872 statuendum
1031 2807 1077 2870 est
1107 2841 1146 2852 —
1179 2808 1235 2871 aut
1263 2785 1393 2871 seuera

297 2915 524 2998 spectatoribus
544 2934 606 2980 non
627 2915 711 2979 11111
730 2934 746 2978 1
768 2915 878 2979 castris
893 2914 1063 2980 mittendus
1078 2915 1155 2994 erat,
1175 2915 1208 2979 id
1223 2916 1305 2996 quod
1320 2934 1391 2979 cum

297 3024 419 3107 legibus
444 3023 557 3088 vetoris
582 3023 762 3106 tragoediae
789 3029 919 3105 pugnat.
963 3023 1076 3089 Omnes
1105 3025 1208 3088 autem
1235 3024 1392 3088 tolluntur

297 3133 508 3212 difficultates,
530 3133 749 3215 siEuripidem
772 3132 871 3196 altera
892 3133 1013 3197 ratione
1032 3132 1195 3215 prologum
1219 3132 1310 3196 instit
1334 3133 1341 3146 '

298 3244 458 3307 sumimus.
501 3242 587 3324 Quae
608 3243 762 3307 sententia
783 3261 853 3306 cum
878 3261 947 3306 mea
968 3242 1018 3320 sit,
1044 3242 1137 3307 finem
1158 3242 1298 3307 facturus
1319 3242 1393 3306 huic

298 3352 567 3418 commentationis
586 3352 670 3434 parti
691 3370 774 3415 nuuc
794 3370 952 3432 exponam.

396 3460 590 3545 Agamenm
613 3481 630 3526 e
650 3460 785 3526 tentorio
809 3479 864 3525 suo
886 3459 920 3524 11
943 3479 1087 3526 scaenam
1108 3460 1247 3543 procedit
1269 3462 1300 3526 11
1321 3481 1393 3544 pro-

297 3572 362 3656 logi
383 3573 644 3648 11111149-63,
666 3571 801 3648 66-68,
824 3570 946 3634 70-71
959 3571 1003 3651 (1.
1014 3574 1130 3653 supra),
1152 3569 1329 3653 73-76(v.
1341 3570 1392 3650 1.),

298 3681 432 3761 80-82,
454 3681 588 3758 84-91,
610 3680 756 3744 94-100
782 3682 813 3746 et
839 3680 1012 3764 complures
1033 3698 1139 3744 versus
1159 3679 1392 3760 interpolatoris

296 3790 413 3854 iniuria
434 3791 614 3871 absumptos
636 3789 685 3853 rel
707 3790 892 3853 retractatos
910 3789 1032 3853 recitat
1068 3788 1150 3852 'Eum
1170 3789 1215 3851 sic
1236 3788 1299 3852 fero
1320 3805 1393 3869 pro-

299 3901 405 3982 logum
433 3898 606 3963 concludit:
649 3898 741 3979 ,Doli
768 3898 859 3962 istius
881 3898 995 3962 conscii
1017 3898 1091 3961 sunt
1112 3895 1251 3973 Calchas,
1276 3897 1390 3973 Ulixes,

298 4007 465 4072 Menelaus.
506 4007 567 4073 Sed
587 4007 671 4074 tiliae
691 4007 901 4072 misericordia
922 4008 1093 4072 commotus
1114 4005 1247 4071 alteram
1262 4005 1302 4070 ad
1316 4023 1392 4070 uro·

297 4136 362 4181 rom
385 4117 466 4183 dabo
485 4117 651 4199 epistulam
658 4115 693 4200 ¹),
717 4137 789 4200 qua,
811 4135 849 4181 no
868 4116 977 4180 mittat
996 4115 1201 4198 Iphigeniam,
1221 4115 1390 4196 imperabo.

397 4279 425 4348 l)
443 4277 617 4333 Vocabulum
633 4273 804 4348 μεταγράφω
821 4276 889 4330 satia
911 4275 1016 4330 lectum
1043 4275 1080 4345 (v.
1100 4275 1163 4344 108)
1188 4275 1219 4327 in
1235 4273 1390 4342 Euripidae

297 4375 415 4444 prologo
433 4375 572 4430 exstitisse
589 4380 697 4429 certum
714 4379 764 4428 aa
