3124 5138
620 1625 862 1693 PRAEFATIO

294 1812 372 1880 uum
387 1815 427 1880 ab
442 1813 633 1897 amplissimo
647 1811 898 1895 philosophorum
915 1812 1023 1878 ordine
1036 1813 1193 1879 Bonnensi
1207 1833 1288 1880 euno

193 1923 331 2006 proximo
346 1924 421 1990 heeo
436 1923 593 2006 proposita
608 1921 687 1986 esset
701 1921 851 2003 quaestio,
867 1922 903 1986 ut
917 1921 955 1988 de
967 1922 1202 2005 Euripideorum
1218 1941 1289 2005 pro-

192 2032 337 2116 logorum
358 2033 426 2098 arte
447 2031 478 2098 et
500 2029 740 2114 interpolatione
761 2030 969 2113 quaereretur,
992 2048 1072 2114 quae
1095 2032 1172 2096 tuno
1192 2050 1229 2097 ee
1251 2030 1289 2097 de

193 2139 432 2223 rescripseram,
455 2139 587 2223 benigne
600 2139 727 2222 aeoepta
742 2138 774 2204 et
794 2138 930 2220 praemio
941 2140 1057 2206 umato
1072 2139 1155 2206 sunt.
1188 2141 1303 2223 Quem*

193 2247 484 2314 commentationem
506 2247 612 2330 pauois
633 2246 765 2313 mutatis
785 2245 836 2312 hie
850 2265 1002 2330 propono.

292 2567 527 2651 Amplissimem
549 2567 730 2652 disputandi
744 2567 916 2635 'mamriam
938 2569 1011 2635 inde
1030 2571 1071 2637 ab
1089 2569 1289 2653 antiquitatis

192 2674 382 2762 temporibus
408 2695 505 2761 usque
531 2677 571 2742 ad
592 2678 699 2743 nostra
721 2677 797 2743 viris
822 2677 923 2744 deotis
944 2679 1111 2762 praebuere
1133 2677 1289 2762 Euripidis

192 2787 323 2870 prologi.
365 2785 471 2871 Atque
492 2787 666 2870 antiquitus
684 2787 743 2853 hao
765 2786 889 2870 quidem
913 2789 947 2852 iu
968 2805 1002 2853 re
1022 2787 1110 2868 nihil,
1134 2788 1288 2872 quantum

191 2895 290 2975 rideo,
321 2894 405 2975 feeit,
435 2895 495 2960 nisi
516 2895 598 2979 quod
619 2896 700 2962 haue
723 2895 919 2980 potissimum
941 2895 1174 2980 tragoediarum
1197 2894 1288 2960 Euri·

190 3003 351 3086 pidearum
372 3005 492 3087 partem
519 3004 654 3072 marimo
676 3005 905 3088 vituperatione
933 3006 1094 3088 persecuta
1119 3005 1176 3072 ost.
1218 3005 1288 3087 Ipse

192 3112 272 3177 enim
296 3113 453 3197 Euripidis
474 3114 612 3198 aequalis
622 3113 854 3197 Aristophanes,
878 3114 914 3179 ut
928 3114 966 3180 do
980 3113 1052 3180 eliis
1065 3113 1142 3179 loeis
1155 3115 1287 3197 mosam,

192 3221 352 3288 Reuarum
375 3221 545 3289 notissimis
566 3223 703 3289 uersibus
724 3224 858 3290 formam
880 3223 1078 3308 prologorum
1100 3222 1218 3289 erudeli
1232 3241 1287 3289 suo

190 3328 339 3417 ληκυθίῳ
361 3331 505 3414 perdidit,
529 3333 664 3398 tharu.
685 3333 726 3398 47
748 3351 794 3417 sq.
818 3333 1039 3417 argumentum
1060 3349 1165 3398 eorum
1185 3332 1288 3415 illepi-
1310 3343 1315 3348 “

191 3439 266 3505 dum
295 3440 491 3507 acerbissime
516 3441 706 3525 perstrinxit.
748 3442 789 3507 Et
815 3441 842 3506 si
864 3439 1067 3508 Aristotelem
1088 3440 1175 3506 Poet.
1198 3459 1224 3507 o.
1249 3442 1287 3507 13

192 3547 371 3632 Euripidem
391 3550 423 3616 et
443 3549 588 3616 laudibus
609 3551 753 3617 extollere
770 3551 802 3618 et
823 3551 998 3634 vituperare
1013 3551 1162 3628 videmus,
1194 3569 1286 3634 quam

69 3667 71 3672 '
190 3658 386 3741 reprehendit
414 3659 530 3726 malam
561 3659 739 3726 fabularum
766 3660 831 3726 eius
861 3655 1050 3743 οἰκονομίαν
1082 3661 1216 3727 manime
1247 3659 1287 3727 ad

190 3766 334 3851 prologos
355 3768 508 3850 pertinere
529 3787 592 3835 nou
609 3770 724 3836 temere
738 3769 918 3836 eonioimns.
947 3769 1071 3836 Similia
1084 3769 1169 3836 fuere
1181 3789 1287 3854 grem-

191 3876 379 3941 matioorum
393 3877 673 3944 Alexandrinorum
694 3878 820 3959 iudicia,
843 3897 975 3963 quorum
990 3879 1168 3963 fragmenta
1180 3895 1287 3961 sparsa

189 3983 223 4047 in
249 3984 374 4051 seholiis
403 3985 553 4070 legimus;
586 3989 662 4071 quin
690 3989 785 4096 etiam
806 3987 871 4054 illis
892 3982 1056 4073 πρόλογος
1078 3979 1287 4071 Εὐριπίδειος

190 4093 279 4176 quasi
301 4089 523 4179 πρωτότυπον
544 4097 693 4163 orationis
713 4097 835 4163 ieiunae
850 4099 881 4163 et
895 4097 1034 4165 insuavis
1049 4098 1173 4164 videtur
1190 4096 1284 4164 fuisse
1323 4159 1336 4187 l

190 4200 306 4285 (Sehol.
328 4205 422 4272 Hom.
446 4207 474 4272 0
495 4205 561 4287 64).
1242 4200 1244 4204 ’

289 4313 351 4380 Ubi
371 4315 441 4396 post
454 4316 522 4382 tam
537 4316 718 4382 diuturnum
734 4316 896 4384 Musarum
909 4318 1069 4384 silentium
1084 4317 1178 4382 etiam
1193 4315 1284 4382 Euri·
