3124 5138
861 467 894 518 la

326 635 452 720 iugenio
477 637 509 702 et
534 637 647 704 natura
675 637 874 721 prologornm
896 635 1067 720 proiectam
1092 654 1167 714 esee,
1201 635 1256 700 nbi
1283 635 1322 702 de
1355 634 1421 700 arte

327 741 564 826 disputabimus,
585 744 756 828 apparebit

607 921 637 986 3.
679 919 730 986 De
750 917 951 1004 Hippolyti
972 919 1141 1004 prologo.

430 1067 594 1153 Hippolyti
622 1068 761 1136 fabulam
789 1067 911 1134 duabm
927 1068 1080 1136 'constare
1108 1068 1259 1152 partibus,
1291 1087 1422 1153 quarum

328 1180 428 1245 altera
456 1179 568 1264 (usquo
588 1177 629 1244 ad
649 1197 679 1243 ι.
702 1176 777 1262 775)
804 1175 973 1254 Phaedrae,
1007 1176 1107 1244 altere
1130 1177 1294 1262 Hippolyti
1322 1177 1421 1244 iatum

328 1287 496 1371 contineat,
527 1304 616 1353 nemo
645 1285 762 1369 poterit
788 1303 912 1368 negare.
955 1285 1093 1352 'lautum
1120 1285 1225 1352 autem
1252 1286 1354 1366 abeat,
1387 1288 1423 1352 ut

327 1397 409 1462 hauc
430 1395 725 1462 contaminationem
748 1413 818 1460 cum
840 1393 920 1460 artis
940 1395 1061 1477 legibus
1081 1413 1220 1478 pugnare
1243 1395 1356 1474 dicam,
1387 1396 1423 1460 nt

327 1523 453 1588 prorsus
475 1503 665 1570 consentiam
689 1521 760 1569 cum
771 1503 980 1586 Aristophane
1001 1503 1164 1587 Byzantio,
1186 1504 1241 1587 qui
1257 1503 1338 1570 hauc
1356 1504 1422 1570 tra·

328 1613 472 1699 goediam
492 1611 560 1678 τῶν
580 1603 725 1694 πρώτων
744 1611 891 1696 appellat.
920 1611 1026 1678 ‘Furit
1048 1611 1131 1678 euim
1152 1611 1296 1680 Phaedra
1319 1631 1423 1680 amore

328 1721 505 1806 Hippolyti:
528 1720 722 1805 repudiatur:
744 1719 876 1786 mortem
897 1717 958 1786 sibi
978 1719 1155 1786 consciscit:
1185 1720 1321 1788 moriens
1342 1721 1422 1806 Hip-

327 1830 468 1915 polytum
495 1848 598 1896 secum
624 1829 659 1894 iu
684 1828 851 1912 perniciem
869 1828 978 1894 trabit.
1021 1829 1115 1896 Vides
1137 1847 1232 1913 quam
1253 1830 1322 1896 arte
1343 1829 1423 1896 duae

327 1939 452 2006 fabulae
470 1939 573 2023 partes
593 1938 676 2006 inter
696 1957 730 2005 se
750 1956 881 2005 conexae
902 1938 980 2004 siut:
1018 1938 1102 2021 prior
1122 1957 1216 2004 causa
1234 1939 1267 2004 et
1285 1938 1354 2004 ioue
1375 1939 1423 2004 est

327 2047 514 2132 posterioris.
537 2046 621 2114 Huic
638 2047 742 2113 anmm
764 2046 917 2114 dramatis
938 2046 1178 2114 conformationi
1199 2046 1422 2130 egregieprae·

326 2156 409 2223 ludit
423 2156 579 2240 prologus,
599 2156 666 2234 aut,
688 2156 725 2220 ut
739 2155 850 2221 melius
864 2155 977 2234 dicam,
994 2153 1097 2230 media
1111 2155 1234 2239 prologi
1247 2173 1329 2240 para,
1343 2174 1423 2238 quae

328 2263 467 2332 continet
486 2283 516 2330 ι.
538 2264 652 2329 9-50.
694 2264 786 2330 Hauc
815 2263 915 2346 ipsam
944 2263 1135 2346 tripertitam
1163 2283 1228 2331 esee
1251 2265 1344 2332 facile
1370 2283 1424 2331 co-

327 2371 459 2458 gnoscis.
482 2371 631 2439 Versibus
652 2371 735 2438 enim
750 2372 809 2437 9-
815 2373 853 2438 19
868 2373 973 2440 Venus
987 2373 1123 2448 suamet,
1145 2375 1333 2458 quantopere
1343 2374 1425 2457 Hip-

328 2480 452 2566 polytus
474 2498 506 2546 se
525 2479 682 2564 neglegat,
703 2480 839 2546 Dianam
853 2481 951 2558 eolat3
973 2481 1424 2550 versibnsab-naoonsilium

327 2589 491 2674 Hippolyti
512 2587 680 2656 ulciscendi
693 2589 807 2672 prodit,
831 2607 924 2674 qnam
948 2590 1099 2656 ultionem
1120 2591 1184 2658 iam
1207 2591 1261 2658 diu
1282 2611 1314 2658 se
1334 2609 1425 2676 prae-

328 2717 452 2783 parasse
473 2698 559 2764 dicit.
601 2697 683 2779 Quid
708 2699 813 2764 autem
834 2698 915 2766 haue
929 2699 976 2772 ¹ob
994 2717 1121 2766 cansam
1139 2700 1250 2766 molita
1272 2701 1322 2780 sit,
1352 2701 1373 2766 i.
1394 2721 1422 2766 e.

328 2808 488 2874 Phaedrae
509 2825 655 2888 amorem,
677 2808 768 2874 docet
790 2809 929 2874 versibus
947 2810 1072 2875 24-39
1081 2807 1114 2893 ¹).
1147 2811 1215 2876 lam
1231 2810 1316 2876 vides
1330 2811 1424 2876 Huri-

328 2915 429 3001 pidem
452 2916 617 3000 prudenter
638 2916 732 2982 etiam
754 2915 788 2982 in
810 2918 938 3002 prologo
953 2918 1044 2984 rebus
1060 2917 1219 2984 Phaedrae
1234 2937 1304 2985 eum
1319 2919 1421 2986 locum

327 3024 482 3105 tribuisse,
514 3043 605 3109 quem
631 3025 662 3091 iu
693 3026 854 3109 tragoedia
880 3027 963 3110 ipsas
989 3027 1101 3094 habere
1129 3027 1237 3106 voluit,
1270 3029 1306 3094 nt
1329 3016 1424 3096 causa

328 3135 428 3201 ament
442 3135 535 3202 exitio
550 3134 723 3219 Hippolyti.
761 3136 838 3202 llam
862 3137 900 3202 cb
916 3156 982 3202 rem
997 3137 1190 3220 tragoediam
1205 3138 1344 3203 nostram
1359 3155 1424 3202 nou

331 3240 484 3327 Φαίδραν,
519 3243 572 3310 sed
591 3238 788 3310 Ἱππόλυτον
814 3245 993 3329 appellavit.
1035 3245 1211 3311 Praelirum
1244 3248 1349 3312 autem
1375 3247 1425 3312 est

204 3409 206 3414 ,
329 3351 456 3436 prologo
484 3353 641 3420 exordium
673 3354 716 3435 (ι.
741 3355 852 3434 1-8),
891 3356 1086 3438 quolenus
1118 3356 1305 3439 potestatem
1333 3371 1423 3422 suam

328 3441 497 3545 praedicat,
518 3462 657 3530 subiecta
676 3465 723 3530 eat
742 3463 898 3530 conclusio
924 3463 967 3548 (v.
990 3462 1142 3549 51-57),
1177 3483 1239 3547 qua
1259 3466 1426 3550 Hippolyti

328 3571 496 3638 adventum
518 3571 653 3648 nuntiat.
688 3609 724 3620 —
758 3573 805 3639 lle
825 3573 1117 3657 interpolationibus
1137 3575 1228 3640 huius
1248 3575 1369 3658 prologi
1391 3581 1427 3641 et

328 3681 410 3746 reete
431 3682 462 3746 et
482 3682 573 3748 acute
593 3681 765 3764 disputavit
787 3681 967 3747 Wheelerus
993 3681 1015 3747 l.
1035 3681 1056 3746 l.
1079 3700 1108 3764 p.
1131 3683 1265 3764 44-48,
1298 3685 1425 3768 quibis

328 3789 466 3856 versibus
487 3790 610 3856 obelum
635 3790 790 3873 praefixit:
826 3792 961 3856 29—33.
983 3791 1034 3855 37.
1056 3791 1106 3856 lo.
1127 3792 1262 3858 42-46.
1285 3793 1424 3860 48-50.

327 3898 377 3964 56.
400 3898 450 3964 57.
496 3900 597 3966 Velim
626 3919 663 3965 ne
692 3901 838 3984 neglegas
867 3901 980 3965 iterum
1009 3900 1042 3965 in
1071 3920 1161 3967 uersu
1192 3902 1359 3969 subditicio
1380 3903 1426 3968 48

328 4024 494 4087 pronomen
516 4001 572 4073 ὅδε
595 4009 703 4074 eontra
725 4027 842 4074 morem
863 4009 1064 4091 Euripideum
1094 4011 1246 4094 usurpari.
1290 4010 1349 4077 Sed
1376 4012 1426 4076 ni-

305 4106 386 4180 'mia
408 4116 518 4182 cautus
543 4117 558 4182 f
580 4117 605 4182 ’t
627 4117 808 4184 Wheelerus
828 4117 861 4182 in
883 4136 912 4183 v.
935 4119 986 4183 41.
1010 4119 1049 4184 47
1073 4119 1214 4202 Euripidi
1239 4119 1425 4186 abiudican·

428 4350 455 4419 1)
473 4350 516 4407 De
532 4370 559 4407 a.
578 4353 685 4408 lc-oc
704 4355 769 4410 vide
786 4355 867 4411 inira.
914 4401 916 4406 .
964 4432 967 4437 Ι
