3124 5138
741 506 775 560 le

210 675 270 744 Sed
300 695 405 742 uersus
435 679 474 743 lo
502 678 637 756 initium,
674 678 757 762 quod
782 696 838 762 ego
864 677 1065 759 Euripideum
1097 697 1161 744 esse
1190 677 1302 754 iudico,

157 865 160 878 .
209 784 384 852 Schmidius
407 787 588 869 exagitarit
620 787 811 854 Enumerare
832 787 914 852 eninr
937 787 1114 868 argumenti
1128 785 1304 870 discrepan-

209 894 281 966 tias,
314 913 392 978 quae
423 895 504 959 inter
535 893 655 980 prologi
685 895 868 978 fabulaeque
892 895 989 976 ipsius
1015 895 1224 960 narrationem
1254 912 1304 958 er·
1371 947 1375 954 .

210 1002 331 1082 sistant,
364 1003 423 1068 hoc
452 1021 575 1087 quoque
605 1005 825 1069 commemorat
857 1023 886 1068 r.
914 1003 975 1068 949
1007 1003 1152 1068 Creusam
1185 1001 1305 1066 narrari

209 1111 310 1176 filium
331 1129 391 1176 non
414 1111 507 1189 dorni,
529 1111 581 1176 sed
603 1111 635 1177 in
658 1113 748 1177 antro
770 1112 930 1195 peperisse.
958 1111 1046 1193 Quod
1062 1111 1166 1176 autem
1181 1110 1305 1192 propter

210 1219 304 1284 istam
333 1217 517 1284 varietatem
545 1217 668 1301 prologi
696 1237 818 1284 versum
851 1217 1050 1301 vituperavit,
1084 1217 1199 1284 iniuria
1228 1217 1305 1281 mihi

209 1327 333 1393 videtur
356 1327 471 1392 fecisse.
515 1327 628 1392 Videas
649 1327 741 1393 uelim
766 1327 880 1392 ceteros
911 1327 1035 1393 fabulae
1057 1327 1139 1392 locos
1161 1325 1201 1390 ad
1222 1324 1306 1391 Ionis

211 1437 337 1520 partum
357 1435 561 1518 pertinentes:
593 1436 655 1501 344
676 1430 733 1500 τὸν
755 1434 847 1500 παῖδ’
871 1425 908 1500 ὃν
932 1431 1041 1500 ἔτεκεν
1071 1433 1206 1518 ἐξέθηκε
1233 1433 1306 1498 δω-

210 1540 348 1631 μύτων.
394 1546 456 1610 503
478 1563 522 1626 sq.
555 1542 620 1608 ἵνα
652 1549 707 1622 (so.
731 1543 764 1610 ἐν
785 1533 915 1628 ίίντροις
934 1537 1059 1628 Πανός)
1089 1535 1229 1608 τεκοῦσύ
1256 1564 1306 1618 τις

211 1656 388 1740 παρθένος,
412 1640 441 1720 ω’
455 1655 563 1738 μελέα,
584 1655 709 1743 βρέφος
724 1655 837 1742 Φοίβῳ
852 1659 990 1734 πτανοῖς
1012 1649 1174 1738 ἐξώρισε
1189 1653 1307 1719 θοίναν

212 1765 314 1850 θηρσί
336 1787 372 1830 τε
394 1763 524 1851 φοινίαν
545 1765 649 1830 δαῖτα.
693 1766 753 1830 897
777 1785 822 1848 sq.
844 1763 943 1828 τίκτω
965 1764 993 1829 δ’
1016 1759 1038 1828 ολ
1066 1757 1224 1839 δύστανός
1254 1783 1306 1828 σοι

213 1877 345 1957 κοῦρον,
377 1871 443 1938 τὸν
465 1875 586 1961 φρίκᾳ
607 1869 755 1958 ματρός
775 1869 832 1951 είς
853 1869 965 1937 εὐνὰν
985 1867 1114 1954 βάλλω
1138 1865 1205 1935 τάν
1225 1865 1307 1955 σὰν,

213 1981 267 2047 ἵνα
285 2005 327 2065 με
348 1980 454 2063 λέχεσι
475 1981 592 2065 μελίαν
610 1980 740 2064 μελέοις
757 1977 873 2065 ἐζεύξω
893 1977 951 2046 τάν
970 1977 1136 2062 δύστανον.
1169 1981 1250 2047 1398
1261 2001 1306 2064 sq.

214 2091 280 2176 doni
300 2087 359 2176 γὰρ
378 2080 483 2176 ι’ίχχος,
509 2082 695 2176 origentes?
718 2086 779 2176 ε’χώ
800 2113 883 2156 ποτε
900 2089 1108 2174 Κέκροπος
1129 2089 1168 2168 εἷς
1185 2079 1309 2173 ύίντρα

213 2199 267 2267 καὶ
281 2196 421 2285 Μακρὰς
435 2202 664 2286 πετρηρεφεῖς,
686 2219 818 2283 quocum
834 2199 974 2266 conferas
989 2201 1049 2264 936
1065 2189 1169 2264 οἶσθα
1182 2203 1309 2281 Κεκρο-

214 2310 293 2388 πίας
308 2309 448 2394 πέτραςς
469 2311 500 2376 et
513 2311 575 2376 939
590 2307 721 2374 ἐνταῦθ’
738 2301 847 2392 οἷχῶνα
863 2303 969 2373 δεινὸν
981 2299 1203 2392 ἠγωνίσμεθα.
1233 2309 1309 2390 Qui·

214 2419 270 2484 bus
292 2437 327 2484 er
342 2420 417 2485 locis
432 2420 509 2485 satis
523 2419 650 2502 apparet
664 2418 711 2484 ita
726 2417 848 2483 finxisse
860 2417 1038 2500 Euripidem
1052 2417 1176 2484 fabulae
1188 2415 1308 2500 μῦθον,

215 2527 251 2592 ut
264 2526 410 2620 Creusam
430 2528 538 2593 Ionem
558 2526 659 2592 filium
680 2524 764 2590 domi
779 2526 887 2590 natum
908 2506 1061 2592 incedam
1075 2545 1165 2610 specu
1181 2546 1309 2610 quopor
1332 2577 1333 2582 1

215 2635 278 2700 uim
290 2635 331 2700 ab
339 2634 484 2718 Apolline
494 2635 635 2718 stuprata
647 2635 722 2714 erat,
737 2634 908 2716 exposuisse
917 2633 1040 2716 diceret,
1054 2635 1136 2718 quod
1146 2635 1228 2702 idem
1239 2654 1310 2718 pro·
1360 2711 1365 2717 ¹

215 2743 281 2828 logi
292 2763 321 2809 r.
338 2746 386 2809 16.
400 2745 439 2809 17
455 2745 611 2810 narratur.
646 2743 734 2808 Unus
749 2743 870 2826 pugnat
884 2743 971 2808 loeus
985 2763 1005 2808 a
1021 2742 1179 2810 Schmidio
1194 2744 1311 2810 allatus

257 2853 318 2918 948
360 2855 491 2918 ΠΑΙΛ.
512 2852 579 2917 ποῦ
599 2850 653 2935 (sc.
676 2845 813 2934 r'e'aausg),·
833 2848 885 2928 τίς
905 2846 1031 2932 λοχεύει
1052 2850 1099 2931 σ’,·
1121 2845 1142 2938 ἢ
1161 2847 1245 2937 μόνη

1026 2963 1168 3042 μοχθεῖς
1189 2955 1282 3039 τύόες

364 3073 432 3136 KP.
516 3061 600 3154 μόνη
622 3069 689 3131 κατ’
711 3055 828 3151 ἷίντρον
849 3052 953 3150 οὗπερ
976 3055 1133 3154 ἐζεύχθην
1153 3063 1277 3152 γάμοις.

218 3178 374 3264 Sequitur,
405 3180 442 3244 ut
471 3179 542 3246 illos
570 3197 675 3246 versus
706 3177 847 3263 Euripidi
878 3179 1097 3258 abiudicemus,
1130 3179 1310 3261 praesertim

219 3308 289 3356 cum
310 3289 350 3356 ad
372 3289 490 3374 dialogi
512 3289 689 3356 contemum
711 3306 773 3354 nen
794 3287 895 3354 solum
916 3289 1108 3371 supervacui,
1142 3288 1194 3354 sed
1216 3287 1309 3354 etiam

217 3397 405 3466 incommodi
426 3397 490 3464 sint
498 3397 532 3480 ¹).

319 3627 346 3696 1)
364 3624 395 3680 si
412 3624 445 3679 ed
463 3641 533 3694 quae
551 3640 635 3694 supra
659 3624 774 3694 exposui
800 3623 974 3694 probaveris,
999 3622 1091 3677 faeere
1116 3639 1173 3678 non
1198 3621 1312 3692 poteris,

219 3723 287 3792 quin
305 3722 390 3777 etiam
408 3737 433 3775 v.
446 3721 507 3775 958.
521 3721 555 3774 59
568 3720 608 3774 ab‘
621 3720 824 3790 interpolatore
843 3720 962 3790 scriptos
981 3736 1039 3773 esse
1056 3719 1212 3774 existumas.
1240 3718 1311 3774 Nam

219 3821 249 3874 in
267 3825 365 3874 antro
385 3817 541 3886 exposuisse
555 3817 687 3872 Creusam
699 3834 824 3885 puerum,
843 3816 897 3871 etsi
914 3817 974 3886 ipsa
991 3819 1136 3884 praesente
1149 3815 1312 3886 paedagogo

220 3917 287 3970 satis
310 3913 516 3986 significaverat
544 3913 588 3982 (of.
613 3913 673 3967 892.
693 3913 763 3983 899),
792 3917 886 3967 tamen
909 3911 956 3968 hic
981 3912 1037 3966 illis
1060 3912 1186 3966 versibus
1213 3912 1312 3967 deletis

220 4017 318 4067 contm
345 4010 580 4080 exspectationem
600 4013 804 4064 commemorat.
848 4007 1036 4078 Interrogatio
1061 4011 1154 4063 autem
1182 4009 1255 4074 πῶς;
1282 4009 1313 4062 in

220 4124 352 4177 responso
376 4106 468 4177 posita
485 4105 574 4176 magis
594 4105 682 4158 vitam
700 4104 883 4159 cottidianam
903 4108 931 4157 et
949 4103 1119 4158 comoediam
1137 4103 1211 4172 sapit
1229 4120 1312 4172 quam

219 4203 401 4275 tragoediam
429 4201 471 4258 ef.
487 4201 667 4258 Mnesimeeh.
685 4200 795 4270 Dyscol.
815 4202 833 4254 4
851 4199 945 4268 (Mein.
961 4199 1016 4271 frg.
1027 4217 1096 4255 com.
1108 4199 1140 4254 C.
1153 4199 1230 4268 lllp.
1241 4201 1311 4267 568).

220 4299 369 4358 Praeterea
380 4299 492 4370 pessimi
502 4303 568 4356 sunt
577 4316 605 4355 v.
614 4299 666 4354 957
678 4301 708 4353 et
717 4299 779 4366 962,
793 4313 881 4366 neque
891 4313 916 4352 v.
926 4297 978 4353 968
988 4296 1081 4362 habet,
1101 4311 1155 4366 quo
1166 4294 1311 4351 referatur.

222 4396 352 4454 Fortasse
369 4415 397 4454 v.
414 4397 555 4452 ece-962
574 4395 662 4466 spurii
680 4398 709 4450 et
730 4394 770 4450 sic
788 4393 942 4450 sententiae
959 4393 1162 4451 continuandae
1180 4395 1257 4448 sunt:
