3124 5138
693 431 727 482 18

159 598 224 664 dis:
244 599 335 664 illum
358 599 581 666 sententiarum
604 619 698 666 nexus
720 605 752 666 et
771 619 819 666 res
840 601 917 684 ipse,
942 602 1025 668 huno
1042 604 1157 670 falsum
1174 606 1254 671 tem-

160 727 216 791 pus
238 709 324 774 verbi
344 700 567 792 ἀπόλλυσθαι,
589 709 707 792 quode
726 729 755 774 v.
771 711 812 774 39
826 711 1021 794 assumptum
1037 713 1093 793 est
1114 714 1252 780 damnet.

161 852 202 862 -
231 818 334 884 Unum
368 818 473 883 autem
505 818 621 884 exordii
651 817 920 902 interpolationem
953 838 1077 902 prorsus
1109 822 1255 907 neglexit.

159 926 310 1008 Inspioias
335 945 364 992 v.
388 927 417 993 7.
440 929 459 992 8
967 1009 969 1014 ,

359 1029 466 1100 ἔνεστι
485 1030 545 1119 γὰρ
568 1031 609 1120 δὴ
632 1025 692 1100 κᾶν
713 1035 807 1101 θεῶν
827 1034 911 1120 γένει
929 1029 1016 1102 τόδε·

355 1137 537 1228 τιμώμενοι
556 1142 723 1229 χαίρουσιν
746 1135 940 1228 ἀνθρώπων
959 1139 1037 1212 dno.

160 1253 292 1320 Weilius
313 1254 389 1320 haee
410 1255 555 1320 adnotet:
579 1255 643 1334 „le
660 1261 749 1338 poete
765 1255 950 1338 philosophe
968 1257 1102 1323 souoioit
1121 1277 1160 1323 ειν
1177 1259 1253 1324 εἐνιὲ

157 1367 234 1428 ναοί
253 1383 303 1428 ees
322 1367 418 1430 vers!
463 1365 565 1432 Immo
587 1383 641 1430 nos
664 1365 811 1445 ridemus,
835 1383 906 1430 eum
926 1366 994 1431 tam
1013 1366 1146 1432 absurda
1162 1367 1254 1433 Enri-

158 1471 255 1554 pideis
276 1472 460 1555 interposita
483 1473 633 1539 videmus.
676 1474 796 1539 Hoeine
817 1473 895 1538 dioit
916 1474 1020 1540 Venus
1041 1476 1184 1558 superbia
1204 1477 1254 1541 in·

158 1579 234 1646 fletu
253 1583 284 1646 et
302 1582 351 1646 im
373 1581 540 1662 contituta,
564 1581 667 1664 qualis
689 1582 723 1646 in
744 1587 887 1648 'souenum
911 1582 1037 1665 prodit?
1066 1577 1207 1668 Σφάλλω
1222 1581 1251 1648 δ’

157 1683 232 1754 ὅσοι
253 1691 432 1774 φρονοῦσιν
454 1685 502 1766 εἰς
522 1684 608 1775 ἡμᾶς
633 1688 729 1773 μέγας
764 1691 840 1756 haee
870 1691 1024 1756 sententio
1053 1692 1157 1758 animo
1187 1693 1252 1760 eius

157 1798 234 1862 sutis
256 1798 353 1882 digne
374 1799 430 1882 est,
452 1799 513 1865 duo
534 1800 729 1882 insequentes
745 1818 850 1865 versus
869 1800 932 1865 diei
952 1818 1014 1866 non
1031 1800 1133 1883 potest
1154 1819 1253 1885 quen·

157 1907 226 1970 tum
247 1907 426 1990 langueant.
458 1907 544 1972 Etsi
565 1908 837 1989 huieergumento
852 1907 943 1972 fidem
959 1927 1021 1974 non
1034 1909 1137 1989 habes,
1159 1927 1252 1994 rogo:

157 2033 218 2098 quo
235 2015 346 2080 referes
368 2016 429 2081 v.9
453 2013 548 2096 δείξω
567 2011 604 2079 δὲ
617 2007 737 2097 μύθων
755 2013 850 2078 τῶνδ’
866 2004 1026 2100 ἀλήθειαν
1046 2010 1149 2098 erigor?
1177 2019 1253 2100 Qui·

157 2143 229 2191 num
260 2125 334 2190 sunt
363 2123 417 2188 isti
444 2122 574 2205 paidos?
617 2123 693 2188 Sine
714 2121 808 2187 dubio
830 2122 981 2190 Venerem
1007 2126 1165 2207 potentem
1187 2148 1252 2196 esse

157 2234 245 2300 deum
266 2234 298 2298 et
315 2233 501 2299 advorsariis
523 2232 731 2320 metuendam,
753 2231 859 2315 qualia
881 2231 1028 2316 leguntur
1039 2254 1068 2302 v.
1080 2237 1110 2302 6.
1141 2239 1251 2322 Itaque

157 2362 186 2409 v.
209 2345 238 2410 7.
259 2345 279 2408 8
298 2343 420 2409 delendi
445 2343 533 2410 eunte
565 2342 680 2408 iterum
708 2339 793 2406 dioto
819 2341 852 2406 in
879 2342 946 2425 ipso
976 2344 1097 2428 prologi
1126 2363 1252 2430 eorporo

156 2450 257 2533 posito
278 2451 430 2519 liberetur
451 2451 625 2535 Euripides.
952 2463 957 2471 “

393 2629 423 2696 4.
466 2630 517 2696 De
537 2628 827 2696 Heraclidarum
848 2629 1013 2714 prologo.

254 2763 492 2830 Romulidarum
514 2763 653 2832 fabulam
675 2783 694 2830 ε
716 2765 892 2832 nostrorum
910 2765 1085 2849 temporum
1098 2767 1249 2852 interpre-

155 2872 239 2938 tibus
260 2872 434 2956 negleotom
455 2891 494 2938 oo
518 2891 614 2955 poene
635 2872 814 2956 ignoratam
835 2872 934 2942 iacere
961 2892 1023 2942 non
1048 2875 1164 2942 mirum
1186 2877 1248 2954 αις

156 2982 225 3062 quis
245 2981 327 3046 enim
349 2981 482 3048 libenter
495 2982 611 3048 traetet
631 2982 835 3066 tragoediam,
858 3000 937 3066 quue
958 3001 1056 3067 neque
1075 3003 1179 3078 rerum
1199 2987 1249 3054 in·

155 3089 299 3154 ventione
321 3107 419 3172 nequo
443 3091 580 3158 moribus
602 3103 801 3176 personarum
824 3091 947 3175 egregie
968 3091 1130 3177 descriptis
1151 3113 1249 3180 neque

155 3197 283 3280 poetiois
303 3197 476 3264 luminibus
496 3199 615 3266 animos
635 3200 807 3284 legentium
828 3200 953 3268 adiuero
967 3201 999 3268 et
1012 3199 1165 3270 delectere
1178 3223 1249 3287 pos·

154 3305 221 3372 sit?
256 3306 388 3374 Veteres
416 3308 522 3374 temen
551 3326 613 3375 non
642 3310 743 3376 solum
768 3309 910 3394 legerunt
935 3311 967 3376 et
995 3311 1247 3396 excerpserunt2),

153 3415 206 3480 sed
227 3418 332 3498 otiam,
364 3419 400 3482 ut
428 3417 507 3510 mihi
534 3417 659 3500 quidem
680 3416 811 3498 uidetur,
844 3419 915 3501 post
937 3418 1095 3504 Emipidis
1115 3423 1246 3488 mortem

152 3525 185 3590 in
207 3543 317 3592 seuere
339 3526 492 3594 viderunt.
536 3526 642 3592 'destos
663 3527 737 3592 sunt
751 3525 834 3595 haud
854 3544 971 3610 paneae
985 3527 1247 3612 interpolationes,

153 3653 231 3718 quus
244 3635 284 3702 ud
299 3635 465 3702 histriones
475 3635 589 3704 referre
602 3634 743 3719 equidem
758 3635 862 3702 nullus
876 3635 984 3704 dubito
993 3637 1028 3718 ²).
1053 3637 1097 3706 Ut
1111 3639 1246 3722 quinque

255 3841 281 3907 1)
299 3837 405 3892 Multae
423 3840 536 3894 exstent
554 3837 629 3908 apud
643 3837 761 3908 Hesyeh.
774 3837 883 3910 glossae
895 3853 929 3891 ex
941 3835 1097 3892 Heraclidis
1111 3843 1244 3908 sumptae.

252 3935 280 4004 2)
298 3934 397 3989 Nonne
415 3935 501 3990 etium
518 3935 593 3990 loous
609 3935 696 3990 Arist.
714 3933 788 3990 Plut.
806 3935 860 3990 382
877 3949 918 4002 sq.

350 4028 406 4102 ὁρῶ
423 4032 473 4085 τιν’
492 4031 539 4084 ἐπὶ
556 4031 604 4084 τοῦ
622 4027 743 4102 βήματος
760 4023 967 4101 καθεδούμενον

350 4129 486 4199 ἱκετηρίαν
504 4128 602 4199 ἔχοντα
619 4123 689 4199 μετὰ
706 4127 761 4182 τῶν
777 4127 897 4181 παιδίαν

350 4227 396 4277 καί
413 4225 460 4291 τῆς
476 4217 619 4294 γυναικός·
638 4219 686 4277 κού
707 4222 837 4278 διοίσοντ’
855 4217 978 4294 ἄντικρυς
1025 4260 1027 4264 -

348 4321 403 4374 τῶν
418 4318 601 4391 Ἡρακλειδῶν
619 4316 678 4373 οὐδ’
696 4320 787 4376 ὁτιοῦν
803 4321 859 4375 τῶν
876 4321 1043 4392 Παμφίλου,
