3170 5134
793 464 874 521 ’98

310 637 476 723 Euripides
497 638 688 724 ln‘prolog'is
707 637 877 704 scribendis
897 638 957 704 sibi
981 638 1094 721 posuit.
1131 636 1199 702 lltsi
1215 637 1320 703 autem
1336 635 1411 701 haec

309 766 380 832 pars
410 746 678 816 commentationis
707 763 794 812 meae
821 745 853 811 et
879 746 1065 830 gravissima
1092 745 1196 812 estet
1221 763 1285 812 esse
1310 745 1409 828 debet,

309 858 416 924 tamen
435 857 601 940 postquam
622 855 756 940 singulis
769 854 906 938 prologis
919 855 1065 921 accurate
1077 853 1273 938 perlustratis
1284 853 1410 920 firmum

310 985 346 1034 ae
368 965 503 1034 solidum
523 965 648 1033 uidetur
668 964 805 1048 positum
825 963 1071 1044 fundamentum,
1100 963 1175 1042 licet
1195 963 1273 1029 mibi
1293 962 1411 1031 brevis·

310 1075 389 1144 simo
411 1093 491 1142 esse:
522 1074 602 1141 nihil
622 1075 705 1140 enirn
727 1092 803 1158 opus
825 1074 881 1152 est,
912 1071 973 1138 nisi
993 1072 1031 1138 ot
1050 1090 1112 1138 uno
1134 1073 1225 1156 quasi
1246 1073 1411 1157 conspectu

310 1200 347 1250 ea
365 1183 560 1268 complectar,
583 1201 663 1267 quae
682 1183 716 1249 in
737 1181 870 1268 singulis
886 1182 1056 1248 observavi.
1089 1182 1134 1249 Ut
1148 1183 1253 1248 autem
1268 1178 1411 1266 generale

312 1290 463 1360 indicium
485 1310 588 1360 meum
609 1291 674 1358 iam
695 1299 778 1358 nunc
800 1291 928 1371 edicam,
953 1291 1012 1358 boc
1030 1292 1093 1358 est:

412 1400 567 1486 Prologi
602 1400 802 1485 Euripidei
836 1401 960 1467 omnia
991 1420 1032 1468 oa
1064 1401 1275 1484 continent,
1311 1419 1410 1484 quse

309 1511 589 1595 spectatoribus
613 1511 658 1577 ad
686 1511 806 1594 ipsius
833 1509 1016 1577 dramatis
1044 1509 1230 1576 actionem
1255 1508 1411 1576 intelle-

310 1619 467 1703 gendam
499 1619 602 1686 scitu
633 1620 843 1686 necessaria
878 1621 985 1686 sunt:
1022 1638 1195 1686 scaenam
1225 1617 1411 1685 dramatis

313 1726 506 1810 explicant
528 1729 565 1794 et
586 1745 827 1812 personarum
844 1728 1150 1810 gravissimarum
1172 1727 1267 1808 fata,
1289 1745 1411 1811 quan·

312 1838 391 1906 tum
413 1837 560 1920 quidem
584 1836 630 1902 ad
650 1837 769 1919 ipsam
796 1836 964 1903 fabulam
991 1837 1197 1919 pertinent,
1228 1835 1410 1919 usquead

312 1949 415 2015 illud
447 1949 629 2032 temporis
660 1949 883 2016 momentum
918 1949 1111 2030 enarrant,
1149 1967 1223 2033 quc
1254 1947 1410 2016 fabulae

315 2059 438 2142 ipsius
459 2058 563 2124 actio
582 2057 732 2140 incipit.

415 2167 599 2250 Prologos
628 2167 830 2250 Euripides
863 2167 930 2234 hcc
965 2169 1126 2236 consilio
1162 2167 1332 2250 scripsit,
1367 2169 1410 2231 ut

310 2277 551 2361 spectatores
581 2295 624 2343 ea
653 2295 746 2360 quae
776 2277 854 2342 diri
882 2295 955 2341 non
983 2294 1048 2358 per
1077 2295 1186 2341 unam
1216 2277 1281 2342 aut
1312 2293 1409 2340 com-

312 2388 437 2470 plures
458 2385 612 2452 fabulae
633 2402 790 2452 scaenas
820 2402 963 2467 sparsa,
997 2385 1058 2450 sed
1083 2386 1262 2467 perpetua
1292 2384 1411 2450 orati-

314 2514 380 2561 one
401 2493 602 2562 secundum
623 2511 745 2560 rerum
768 2493 933 2559 ordinem
953 2495 1129 2560 enarrata
1152 2493 1327 2560 accurate
1349 2511 1410 2558 co·

313 2604 545 2687 gnoscerent
567 2603 606 2669 et
630 2603 805 2668 memoria
826 2602 1011 2668 tenerent.

410 2713 554 2778 Fortasse
568 2713 643 2778 haec
657 2712 774 2778 iudicia
795 2731 857 2779 uon
880 2712 1016 2778 multum
1035 2713 1075 2779 ab
1095 2713 1134 2778 iis
1156 2710 1328 2793 discrepare
1349 2729 1407 2793 pu-

310 2819 402 2900 tabis,
426 2836 505 2903 quae
526 2819 628 2885 adhuc
649 2818 687 2884 de
708 2819 844 2902 prologis
862 2819 1036 2901 lluripideis
1058 2817 1124 2883 lata
1145 2818 1232 2895 sunt;
1255 2820 1410 2901 quantum

315 2928 497 3011 discrepent,
519 2929 628 2994 statim
651 2928 822 3012 apparebit.

418 3035 550 3104 Omnes
571 3037 722 3120 prologi
743 3036 938 3120 Euripidei
960 3035 1152 3130 tripertiti
1171 3037 1281 3102 sunt·

415 3145 521 3213 Prima
549 3165 630 3230 pars,
662 3145 699 3212 de
721 3164 784 3228 qua
805 3147 910 3228 postea
932 3145 1023 3227 plura
1048 3144 1223 3231 disputabo,
1251 3145 1410 3212 exordium

265 3319 267 3323 ,
310 3257 357 3322 est
376 3256 456 3323 varii
477 3255 677 3340 argumenti3
698 3255 800 3322 media
819 3274 887 3322 earn
904 3255 1042 3321 continet
1056 3255 1228 3338 historiam,
1252 3273 1330 3337 quae
1349 3254 1408 3319 tot'

312 3363 447 3431 dramati
471 3365 562 3448 quasi
582 3364 786 3432 fundamento
808 3366 869 3446 est;
897 3365 1001 3444 tertia,
1024 3363 1214 3430 utbreviter
1235 3363 1410 3448 dicam,ad

312 3492 474 3556 personam
497 3474 662 3558 prologum
683 3473 867 3541 recitantem
882 3473 1037 3556 pertinet:
1059 3473 1133 3556 quid
1154 3472 1260 3552 faciat,
1284 3471 1410 3554 cogitet,

311 3583 433 3664 timeat,
450 3583 551 3665 speret
564 3584 701 3649 enarrat.
723 3583 788 3648 Has
802 3567 907 3649 autem
922 3581 985 3648 tres
998 3583 1103 3664 partes
1117 3581 1151 3645 in
1164 3581 1257 3664 longe
1268 3579 1410 3663 plurimis
1514 3619 1518 3628 ·

313 3690 450 3775 prologis
464 3681 609 3757 accurate
620 3691 693 3756 licet
707 3689 926 3774 internoscere3
948 3690 1053 3756 adesse
1066 3689 1100 3754 in
1112 3689 1277 3768 Alcestide,
1292 3689 1410 3768 Medea,

314 3798 499 3884 Hippolyto,
529 3799 715 3884 Heraclidis,
743 3801 882 3880 Hecuba,
912 3799 1054 3884 Hercule,
1087 3797 1292 3882 supplicibus,
1325 3799 1411 3878 Ione,

314 3908 497 3990 Troadibus,
515 3908 702 3991 Phoenissis,
724 3909 887 3993 Iphigenia
899 3909 1042 3988 Taurica,
1058 3907 1165 3974 Oreste
1178 3907 1210 3972 in
1225 3925 1413 3990 unaquaque

314 4016 425 4084 harum
447 4017 627 4087 fabularum
653 4037 747 4103 supra
772 4002 1062 4085 demonstrauimus.
1107 4018 1181 4083 Tres
1212 4016 1334 4081 exstant
1363 4017 1411 4082 fa-

314 4128 414 4210 bulae,
446 4128 481 4194 in
510 4127 621 4212 quibus
651 4126 774 4214 prologi
797 4126 892 4194 tertia
919 4146 991 4212 pars
1015 4128 1087 4194 tam
1118 4125 1186 4192 arte
1214 4144 1285 4191 cum
1312 4123 1411 4190 altera

314 4237 423 4304 iuncta
444 4239 500 4319 est,
532 4239 569 4302 ut
590 4237 726 4322 separari
748 4256 810 4304 non
831 4237 937 4319 possit.
981 4235 1098 4304 ramea
1122 4235 1256 4319 uestigia
1277 4233 1342 4299 eius
1362 4231 1412 4299 fa·

313 4347 373 4412 cile
393 4347 604 4415 inueniuntur.
