3170 5134
808 459 844 519 69

278 646 422 694 versuum
447 631 523 712 pari,
557 631 613 696 etsi
641 630 881 697 difficultatibus
909 631 1037 697 minime
1057 632 1151 710 caret,
1184 631 1370 698 altissimum

277 738 324 802 est
355 737 436 819 apud
466 738 648 822 interpretes
679 739 845 805 silentium.
889 739 940 806 Sic
972 741 1066 806 vertit
1094 740 1215 805 Fixius:
1251 739 1372 824 „Phry-

160 868 162 872 ·
276 864 352 928 gum
382 847 486 912 autem
514 849 547 912 in
577 848 729 932 potestate
762 847 849 932 (sici)
881 850 1039 932 proposita
1071 849 1117 916 fui
1148 887 1187 894 -
1220 867 1281 914 non
1313 867 1370 932 ego

277 955 415 1039 quidem,
459 957 510 1022 sed
544 976 653 1023 nomen
691 977 794 1023 meum
834 993 868 1004 -
902 957 1027 1024 Graecis
1064 957 1137 1024 belli
1169 957 1371 1041 praemium.“

276 1064 322 1128 At
352 1066 445 1132 verba
479 1063 511 1142 ἐς
542 1057 640 1155 ἀλκήν
672 1086 733 1133 non
766 1068 895 1149 possunt
924 1067 1099 1150 significare
1128 1067 1188 1133 nisi
1221 1066 1281 1147 „ad
1313 1086 1371 1150 pu·

276 1177 456 1259 grandnm‘
483 1179 530 1244 vel
566 1179 625 1258 „ad
658 1182 826 1264 pugnam“.
879 1179 925 1246 cf.
955 1200 985 1246 v.
1017 1181 1094 1246 980:
1129 1172 1168 1265 ἢν
1193 1177 1221 1244 δ’
1250 1178 1283 1257 ἐς
1312 1175 1371 1263 μὲν

276 1276 375 1372 ἅλκῆν
395 1282 439 1372 μὴ
461 1281 537 1352 πόδ’
561 1278 681 1376 ἀντιθῇ
703 1287 793 1353 ποδί.
837 1289 933 1355 1379:
965 1277 1135 1373 προῦργου
1159 1286 1187 1353 δ’
1212 1286 1246 1366 ἐς
1272 1273 1371 1376 citaris

276 1396 359 1476 σῶμ’
379 1387 496 1474 ὅπλοις
517 1390 689 1482 ἠσκήσατο.
732 1396 837 1482 Suppl.
861 1376 939 1464 679:
961 1394 1039 1463 oto
1058 1393 1220 1484 ἔστρεφον
1238 1390 1370 1476 πώλους

277 1501 309 1580 ἐς
330 1493 432 1587 ἇλκήν
452 1495 554 1582 αὖθις
577 1497 623 1582 ὥς
639 1506 721 1586 (oum
734 1506 794 1588 W.)
808 1501 1020 1588 παραιβάτας.
1043 1506 1137 1572 Vides
1152 1525 1247 1589 quam
1262 1506 1371 1574 misero

277 1612 419 1678 contorta
447 1614 489 1678 sit
516 1614 591 1679 haec
618 1614 780 1693 sententia,
815 1633 893 1698 quae
924 1614 1002 1679 nihil
1030 1615 1102 1680 novi
1124 1613 1212 1681 adiit
1233 1615 1370 1682 versibus

276 1721 542 1802 praecedentibus,
576 1724 682 1807 itaque
713 1723 878 1790 deleamus.
930 1724 1038 1807 Neque
1070 1724 1294 1808 neglegendum
1325 1725 1371 1790 est

276 1849 303 1893 v.
326 1831 377 1894 42.
400 1831 441 1914 43
463 1831 582 1923 mirum
601 1832 754 1916 quantum
776 1832 947 1898 consentire
976 1851 1046 1897 cunr
1076 1832 1209 1915 insipido
1235 1852 1264 1898 v.
1289 1833 1370 1899 1100

276 1957 295 2004 a
317 1938 357 2002 N.
380 1937 494 2016 delctc;
527 1959 622 2023 quare
653 1958 714 2006 ncn
741 1940 856 2006 temere
886 1941 1019 2007 conicias
1045 1942 1085 2006 ab
1116 1939 1221 2007 codem
1237 1927 1371 2008 ¹homine

278 2047 445 2132 utrumque
466 2049 568 2115 locum
588 2068 652 2116 esse
670 2049 842 2134 profectum
852 2049 884 2133 ¹).
902 2085 942 2096 -
964 2051 1104 2133 Denique
1125 2049 1277 2117 obiciendi
1298 2051 1371 2115 sunt

276 2175 304 2222 v.
328 2157 378 2222 66.
401 2157 440 2222 67

313 2293 316 2300 ’
425 2275 470 2359 ὦς
492 2275 522 2346 ei
543 2281 619 2348 καθ’
643 2277 766 2348 Ἑλλάδ’
790 2271 893 2364 ὄνομα
913 2249 1064 2360 circatae}
1084 2281 1186 2368 φέρω,

423 2384 468 2478 μή
489 2414 547 2471 μοι
568 2385 606 2455 τὸ
631 2384 727 2472 σῶμά
749 2388 776 2476 γ’
800 2383 910 2456 ἐνθάδ’
931 2385 1081 2475 αἰσχύνην
1105 2379 1200 2479 terp,

277 2518 389 2602 quibus
409 2518 546 2584 Helenae
568 2518 742 2598 consilium,
774 2519 857 2602 quod
884 2518 960 2584 satis
983 2537 1156 2601 expressum
1179 2519 1246 2583 erat
1267 2536 1295 2584 v.
1319 2519 1368 2597 65,

275 2627 384 2693 scholii
415 2614 506 2692 mode
541 2627 722 2710 explicatur.
768 2627 886 2693 lterum
919 2627 1087 2720 oblectavit
1118 2627 1369 2710 interpolatorem

275 2727 436 2817 ὀνόματος
454 2735 486 2800 et
507 2727 659 2816 σώματος
679 2735 833 2802 rhetorica
855 2736 1017 2819 oppositio.

430 2945 478 3010 13.
521 2944 573 3012 De
593 2944 822 3029 Iphigeniae
845 2945 1027 3011 Tauricae
1049 2945 1214 3028 prologo.

372 3100 474 3166 Huius
496 3101 619 3168 fabulae
639 3102 794 3184 prologus,
827 3103 914 3167 cuius
944 3103 1043 3168 altera
1069 3121 1139 3186 pers
1161 3121 1276 3186 magna
1298 3120 1368 3167 cum

274 3211 342 3276 arte
363 3211 535 3292 conscripta
558 3214 612 3292 est,
645 3213 723 3279 satis
753 3213 829 3278 bene
856 3213 891 3278 in
917 3212 1073 3279 codicibus
1103 3213 1257 3278 servatur:
1289 3228 1369 3277 unus

274 3318 355 3384 enim
377 3319 472 3398 locus,
505 3340 534 3385 v.
559 3323 607 3401 15,
640 3323 783 3388 omnibus
806 3322 984 3388 criticorum
1006 3321 1219 3387 conaminibus
1241 3318 1368 3395 restitit,

273 3445 389 3510 paucae
410 3430 531 3494 exstant
551 3412 814 3513 interpolationes.
836 3467 877 3477 -
898 3429 1059 3512 Iphigenia
1083 3429 1182 3510 igitur
1203 3428 1386 3511 postquam-

274 3556 303 3601 r.
328 3539 407 3602 1-5
429 3556 514 3602 more
536 3539 701 3622 Euripides
724 3558 822 3622 genus
850 3556 938 3604 suum
968 3539 1116 3621 exposuit,
1149 3537 1249 3621 prima
1279 3554 1368 3602 enar-

273 3645 402 3711 rationis
423 3647 511 3729 parte
534 3647 573 3728 (v.
589 3645 707 3725 6-41)
722 3646 875 3728 quomodo
897 3665 952 3728 per
967 3645 1132 3710 Dianame
1152 3645 1263 3710 mortis
1287 3643 1368 3726 peri·

274 3754 342 3819 culo
364 3755 496 3821 liberata
518 3755 549 3820 et
570 3755 601 3820 in
627 3755 800 3821 Taurorum
823 3757 938 3821 terram
966 3755 1099 3820 abducta
1121 3754 1171 3833 sit,
1205 3753 1303 3818 altera
1324 3751 1365 3836 (v.

273 3863 421 3944 42-60),
456 3863 530 3947 quid
556 3865 695 3947 proxima
719 3864 808 3930 nocte
836 3864 873 3928 de
900 3863 1007 3930 Oreste
1024 3861 1132 3930 ,fratre
1158 3860 1367 3940 somniaverit,

273 3972 407 4037 enarrat.
450 3973 623 4055 Postquam
645 3972 783 4052 fratrem,
807 3991 898 4055 quem
919 3971 1077 4036 mortuum
1095 3971 1196 4053 putat,
1218 3967 1379 4040 libatione⁴

373 4239 400 4310 1)
417 4239 451 4294 V.
470 4242 505 4294 44
523 4240 563 4296 sic
580 4241 741 4297 scribendus
759 4246 812 4296 est:

487 4333 579 4404 λαβὼν
597 4337 623 4391 δ’
647 4338 661 4392 ἔ
670 4337 701 4409 μ’
719 4335 817 4409 Ἑρμῆς
834 4339 865 4396 ἐν
882 4344 1029 4411 πτυχαῖσιν
1047 4341 1165 4410 αἰθέρος.
