<?xml version="1.0" encoding="UTF-8"?>
<!DOCTYPE html PUBLIC "-//W3C//DTD XHTML 1.0 Transitional//EN"
    "http://www.w3.org/TR/xhtml1/DTD/xhtml1-transitional.dtd">
<html xmlns="http://www.w3.org/1999/xhtml" xml:lang="en" lang="en">
 <head>
  <title>
</title>
<meta http-equiv="Content-Type" content="text/html;charset=utf-8" />
  <meta name='ocr-system' content='tesseract 3.04.00' />
  <meta name='ocr-capabilities' content='ocr_page ocr_carea ocr_par ocr_line ocrx_word'/>
</head>
<body>
  <div class='ocr_page' id='page_1' title='image "./deeuripideorump00klingoog_0043.png"; bbox 0 0 3124 5138; ppageno 0'>
   <div class='ocr_carea' id='block_1_1' title="bbox 839 494 874 550">
    <p class='ocr_par' dir='ltr' id='par_1_1' title="bbox 839 494 874 550">
     <span class='ocr_line' id='line_1_1' title="bbox 839 494 874 550; baseline 0.057 -2"><span class='ocrx_word' id='word_1_1' title='bbox 839 494 874 550; x_wconf 79' lang='grc'>38</span> 
     </span>
    </p>
   </div>
   <div class='ocr_carea' id='block_1_2' title="bbox 307 655 1405 1956">
    <p class='ocr_par' dir='ltr' id='par_1_2' title="bbox 307 655 1405 1956">
     <span class='ocr_line' id='line_1_2' title="bbox 308 655 1399 748; baseline 0.004 -20"><span class='ocrx_word' id='word_1_2' title='bbox 308 664 449 743; x_wconf 75' lang='grc' dir='ltr'><em>πίτνωνς</em></span> <span class='ocrx_word' id='word_1_3' title='bbox 482 685 519 732; x_wconf 86' lang='lat' dir='ltr'>eo</span> <span class='ocrx_word' id='word_1_4' title='bbox 548 667 575 735; x_wconf 87' lang='lat' dir='ltr'>si</span> <span class='ocrx_word' id='word_1_5' title='bbox 605 667 749 733; x_wconf 80' lang='lat' dir='ltr'><strong>audimus</strong></span> <span class='ocrx_word' id='word_1_6' title='bbox 781 686 810 731; x_wconf 81' lang='lat' dir='ltr'>v.</span> <span class='ocrx_word' id='word_1_7' title='bbox 838 668 878 732; x_wconf 85' lang='lat'>73</span> <span class='ocrx_word' id='word_1_8' title='bbox 902 655 1001 744; x_wconf 60' lang='lat' dir='ltr'>ireos</span> <span class='ocrx_word' id='word_1_9' title='bbox 1023 655 1176 748; x_wconf 73' lang='grc' dir='ltr'><em>δίλλσδεν,</em></span> <span class='ocrx_word' id='word_1_10' title='bbox 1210 689 1239 734; x_wconf 85' lang='lat' dir='ltr'>v.</span> <span class='ocrx_word' id='word_1_11' title='bbox 1263 669 1303 734; x_wconf 87' lang='grc'>78</span> <span class='ocrx_word' id='word_1_12' title='bbox 1326 670 1399 746; x_wconf 83' lang='grc' dir='ltr'><strong><em>πᾶς,</em></strong></span> 
     </span>
     <span class='ocr_line' id='line_1_3' title="bbox 309 775 1401 862; baseline 0 -21"><span class='ocrx_word' id='word_1_13' title='bbox 309 794 459 859; x_wconf 91' lang='lat' dir='ltr'>magnum</span> <span class='ocrx_word' id='word_1_14' title='bbox 492 795 555 842; x_wconf 89' lang='lat' dir='ltr'>esse</span> <span class='ocrx_word' id='word_1_15' title='bbox 587 775 755 842; x_wconf 88' lang='lat' dir='ltr'>liberorum</span> <span class='ocrx_word' id='word_1_16' title='bbox 785 794 947 842; x_wconf 89' lang='lat' dir='ltr'>numerum</span> <span class='ocrx_word' id='word_1_17' title='bbox 979 777 1071 843; x_wconf 86' lang='lat' dir='ltr'>faeile</span> <span class='ocrx_word' id='word_1_18' title='bbox 1099 778 1304 862; x_wconf 78' lang='lat' dir='ltr'>suspicamur:</span> <span class='ocrx_word' id='word_1_19' title='bbox 1340 796 1401 842; x_wconf 90' lang='lat' dir='ltr'>non</span> 
     </span>
     <span class='ocr_line' id='line_1_4' title="bbox 307 879 1401 971; baseline 0 -23"><span class='ocrx_word' id='word_1_20' title='bbox 307 883 413 950; x_wconf 85' lang='lat' dir='ltr'>tamen</span> <span class='ocrx_word' id='word_1_21' title='bbox 444 887 517 950; x_wconf 89' lang='lat' dir='ltr'>sunt</span> <span class='ocrx_word' id='word_1_22' title='bbox 547 885 607 950; x_wconf 88' lang='lat' dir='ltr'>nisi</span> <span class='ocrx_word' id='word_1_23' title='bbox 635 886 698 950; x_wconf 89' lang='lat' dir='ltr'>tres</span> <span class='ocrx_word' id='word_1_24' title='bbox 727 884 779 963; x_wconf 88' lang='lat' dir='ltr'>(ef.</span> <span class='ocrx_word' id='word_1_25' title='bbox 802 905 831 950; x_wconf 90' lang='lat' dir='ltr'>v.</span> <span class='ocrx_word' id='word_1_26' title='bbox 853 885 937 961; x_wconf 83' lang='grc'>474).</span> <span class='ocrx_word' id='word_1_27' title='bbox 981 885 1083 951; x_wconf 85' lang='lat' dir='ltr'>Verba</span> <span class='ocrx_word' id='word_1_28' title='bbox 1111 879 1172 969; x_wconf 74' lang='grc' dir='ltr'>ἐγώ</span> <span class='ocrx_word' id='word_1_29' title='bbox 1198 883 1234 950; x_wconf 80' lang='grc' dir='ltr'>δὲ</span> <span class='ocrx_word' id='word_1_30' title='bbox 1255 884 1401 971; x_wconf 81' lang='grc' dir='ltr'><strong><em>διαφέρω</em></strong></span> 
     </span>
     <span class='ocr_line' id='line_1_5' title="bbox 308 986 1402 1078; baseline 0.004 -22"><span class='ocrx_word' id='word_1_31' title='bbox 308 986 433 1076; x_wconf 78' lang='grc' dir='ltr'><em>λόγοισι</em></span> <span class='ocrx_word' id='word_1_32' title='bbox 464 986 660 1075; x_wconf 74' lang='grc' dir='ltr'><em>μυθεύουσα</em></span> <span class='ocrx_word' id='word_1_33' title='bbox 687 993 847 1058; x_wconf 70' lang='lat' dir='ltr'>continent</span> <span class='ocrx_word' id='word_1_34' title='bbox 878 993 1087 1076; x_wconf 80' lang='grc' dir='ltr'><em>ταυτολογίαν</em></span> <span class='ocrx_word' id='word_1_35' title='bbox 1120 996 1150 1060; x_wconf 87' lang='lat' dir='ltr'>et</span> <span class='ocrx_word' id='word_1_36' title='bbox 1182 995 1402 1078; x_wconf 80' lang='lat' dir='ltr'>argumentum</span> 
     </span>
     <span class='ocr_line' id='line_1_6' title="bbox 309 1086 1403 1186; baseline 0.005 -23"><span class='ocrx_word' id='word_1_37' title='bbox 309 1098 567 1180; x_wconf 81' lang='lat' dir='ltr'>nentolerabi103</span> <span class='ocrx_word' id='word_1_38' title='bbox 591 1119 689 1182; x_wconf 89' lang='lat' dir='ltr'>neque</span> <span class='ocrx_word' id='word_1_39' title='bbox 711 1099 843 1164; x_wconf 84' lang='lat' dir='ltr'>debebat</span> <span class='ocrx_word' id='word_1_40' title='bbox 868 1099 1055 1181; x_wconf 84' lang='lat' dir='ltr'>Amphitruo</span> <span class='ocrx_word' id='word_1_41' title='bbox 1079 1120 1108 1167; x_wconf 82' lang='lat' dir='ltr'>v.</span> <span class='ocrx_word' id='word_1_42' title='bbox 1131 1086 1171 1166; x_wconf 77' lang='lat'>98</span> <span class='ocrx_word' id='word_1_43' title='bbox 1183 1121 1229 1186; x_wconf 86' lang='lat' dir='ltr'>sq.</span> <span class='ocrx_word' id='word_1_44' title='bbox 1258 1103 1403 1186; x_wconf 87' lang='lat' dir='ltr'>Megerae</span> 
     </span>
     <span class='ocr_line' id='line_1_7' title="bbox 308 1205 1404 1291; baseline 0.004 -21"><span class='ocrx_word' id='word_1_45' title='bbox 308 1205 340 1270; x_wconf 85' lang='lat' dir='ltr'>id</span> <span class='ocrx_word' id='word_1_46' title='bbox 362 1206 498 1285; x_wconf 87' lang='lat' dir='ltr'>suadere,</span> <span class='ocrx_word' id='word_1_47' title='bbox 522 1208 603 1291; x_wconf 89' lang='lat' dir='ltr'>qnod</span> <span class='ocrx_word' id='word_1_48' title='bbox 619 1227 651 1272; x_wconf 91' lang='lat' dir='ltr'>se</span> <span class='ocrx_word' id='word_1_49' title='bbox 672 1207 780 1273; x_wconf 88' lang='lat' dir='ltr'>feoisse</span> <span class='ocrx_word' id='word_1_50' title='bbox 801 1207 850 1272; x_wconf 88' lang='lat' dir='ltr'>his</span> <span class='ocrx_word' id='word_1_51' title='bbox 865 1207 1003 1272; x_wconf 85' lang='lat' dir='ltr'>versibus</span> <span class='ocrx_word' id='word_1_52' title='bbox 1022 1209 1127 1290; x_wconf 89' lang='lat' dir='ltr'>aperte</span> <span class='ocrx_word' id='word_1_53' title='bbox 1145 1209 1274 1278; x_wconf 84' lang='lat' dir='ltr'>dixerat.</span> <span class='ocrx_word' id='word_1_54' title='bbox 1297 1209 1404 1291; x_wconf 84' lang='lat' dir='ltr'>Quen-</span> 
     </span>
     <span class='ocr_line' id='line_1_8' title="bbox 309 1315 1403 1398; baseline 0.005 -20"><span class='ocrx_word' id='word_1_55' title='bbox 309 1315 413 1396; x_wconf 90' lang='lat' dir='ltr'>topere</span> <span class='ocrx_word' id='word_1_56' title='bbox 444 1316 549 1380; x_wconf 87' lang='lat' dir='ltr'>autem</span> <span class='ocrx_word' id='word_1_57' title='bbox 578 1317 663 1381; x_wconf 86' lang='lat' dir='ltr'>totus</span> <span class='ocrx_word' id='word_1_58' title='bbox 691 1317 777 1381; x_wconf 84' lang='lat' dir='ltr'>locus</span> <span class='ocrx_word' id='word_1_59' title='bbox 812 1334 882 1379; x_wconf 88' lang='lat' dir='ltr'>eum</span> <span class='ocrx_word' id='word_1_60' title='bbox 914 1315 1060 1398; x_wconf 85' lang='lat' dir='ltr'>Megerae</span> <span class='ocrx_word' id='word_1_61' title='bbox 1091 1317 1242 1383; x_wconf 84' lang='lat' dir='ltr'>moriendi</span> <span class='ocrx_word' id='word_1_62' title='bbox 1274 1317 1403 1384; x_wconf 87' lang='lat' dir='ltr'>oonsilio</span> 
     </span>
     <span class='ocr_line' id='line_1_9' title="bbox 308 1422 1404 1509; baseline 0.005 -23"><span class='ocrx_word' id='word_1_63' title='bbox 308 1423 435 1505; x_wconf 83' lang='lat' dir='ltr'>pugnet,</span> <span class='ocrx_word' id='word_1_64' title='bbox 456 1422 554 1488; x_wconf 86' lang='lat' dir='ltr'>laetor</span> <span class='ocrx_word' id='word_1_65' title='bbox 575 1423 640 1508; x_wconf 89' lang='lat' dir='ltr'>ipse</span> <span class='ocrx_word' id='word_1_66' title='bbox 661 1422 754 1489; x_wconf 87' lang='lat' dir='ltr'>velim</span> <span class='ocrx_word' id='word_1_67' title='bbox 777 1422 934 1489; x_wconf 77' lang='lat' dir='ltr'>diiudicet.</span> <span class='ocrx_word' id='word_1_68' title='bbox 966 1424 1131 1490; x_wconf 88' lang='lat' dir='ltr'>Deleamus</span> <span class='ocrx_word' id='word_1_69' title='bbox 1152 1425 1251 1509; x_wconf 86' lang='lat' dir='ltr'>igitur</span> <span class='ocrx_word' id='word_1_70' title='bbox 1265 1427 1321 1491; x_wconf 85' lang='lat' dir='ltr'>hos</span> <span class='ocrx_word' id='word_1_71' title='bbox 1336 1444 1404 1491; x_wconf 91' lang='lat' dir='ltr'>mo·</span> 
     </span>
     <span class='ocr_line' id='line_1_10' title="bbox 308 1532 1403 1620; baseline 0.004 -24"><span class='ocrx_word' id='word_1_72' title='bbox 308 1532 490 1598; x_wconf 86' lang='lat' dir='ltr'>lestieeimos</span> <span class='ocrx_word' id='word_1_73' title='bbox 510 1551 626 1614; x_wconf 81' lang='lat' dir='ltr'>versus,</span> <span class='ocrx_word' id='word_1_74' title='bbox 661 1553 738 1617; x_wconf 85' lang='lat' dir='ltr'>quos</span> <span class='ocrx_word' id='word_1_75' title='bbox 760 1533 799 1598; x_wconf 86' lang='lat' dir='ltr'>ab</span> <span class='ocrx_word' id='word_1_76' title='bbox 827 1533 933 1598; x_wconf 86' lang='lat' dir='ltr'>eodem</span> <span class='ocrx_word' id='word_1_77' title='bbox 954 1533 1116 1599; x_wconf 81' lang='lat' dir='ltr'>hominnm</span> <span class='ocrx_word' id='word_1_78' title='bbox 1144 1553 1265 1620; x_wconf 83' lang='lat' dir='ltr'>genere,</span> <span class='ocrx_word' id='word_1_79' title='bbox 1298 1536 1352 1618; x_wconf 90' lang='lat' dir='ltr'>qui</span> <span class='ocrx_word' id='word_1_80' title='bbox 1373 1553 1403 1600; x_wconf 86' lang='lat' dir='ltr'>v.</span> 
     </span>
     <span class='ocr_line' id='line_1_11' title="bbox 310 1641 1404 1726; baseline 0.003 -21"><span class='ocrx_word' id='word_1_81' title='bbox 310 1641 703 1722; x_wconf 82' lang='lat' dir='ltr'>629-636-ineuloerunt,</span> <span class='ocrx_word' id='word_1_82' title='bbox 730 1662 746 1708; x_wconf 91' lang='lat' dir='ltr'>e</span> <span class='ocrx_word' id='word_1_83' title='bbox 767 1662 796 1708; x_wconf 84' lang='lat' dir='ltr'>v.</span> <span class='ocrx_word' id='word_1_84' title='bbox 819 1642 964 1709; x_wconf 86' lang='lat'>98-100</span> <span class='ocrx_word' id='word_1_85' title='bbox 987 1642 1075 1708; x_wconf 82' lang='lat' dir='ltr'>fictos</span> <span class='ocrx_word' id='word_1_86' title='bbox 1096 1663 1160 1709; x_wconf 87' lang='lat' dir='ltr'>esse</span> <span class='ocrx_word' id='word_1_87' title='bbox 1181 1644 1232 1710; x_wconf 82' lang='lat' dir='ltr'>vix</span> <span class='ocrx_word' id='word_1_88' title='bbox 1253 1645 1299 1708; x_wconf 87' lang='lat' dir='ltr'>est</span> <span class='ocrx_word' id='word_1_89' title='bbox 1320 1642 1404 1726; x_wconf 80' lang='lat' dir='ltr'>quod</span> 
     </span>
     <span class='ocr_line' id='line_1_12' title="bbox 309 1749 1405 1834; baseline 0.002 -21"><span class='ocrx_word' id='word_1_90' title='bbox 309 1767 460 1814; x_wconf 90' lang='lat' dir='ltr'>moneam.</span> <span class='ocrx_word' id='word_1_91' title='bbox 485 1785 519 1795; x_wconf 91' lang='lat'>-</span> <span class='ocrx_word' id='word_1_92' title='bbox 545 1749 695 1816; x_wconf 77' lang='lat' dir='ltr'>Intentio</span> <span class='ocrx_word' id='word_1_93' title='bbox 717 1749 838 1834; x_wconf 85' lang='lat' dir='ltr'>prologi</span> <span class='ocrx_word' id='word_1_94' title='bbox 865 1749 932 1815; x_wconf 85' lang='lat' dir='ltr'>loco</span> <span class='ocrx_word' id='word_1_95' title='bbox 962 1749 1139 1832; x_wconf 81' lang='lat' dir='ltr'>explicando</span> <span class='ocrx_word' id='word_1_96' title='bbox 1168 1751 1284 1817; x_wconf 83' lang='lat' dir='ltr'>frustra</span> <span class='ocrx_word' id='word_1_97' title='bbox 1310 1749 1405 1816; x_wconf 85' lang='lat' dir='ltr'>suda-</span> 
     </span>
     <span class='ocr_line' id='line_1_13' title="bbox 309 1856 662 1956; baseline 0.008 -34"><span class='ocrx_word' id='word_1_98' title='bbox 309 1856 382 1922; x_wconf 91' lang='lat' dir='ltr'>runt</span> <span class='ocrx_word' id='word_1_99' title='bbox 401 1857 598 1942; x_wconf 84' lang='lat' dir='ltr'>interpretes:</span> <span class='ocrx_word' id='word_1_100' title='bbox 660 1949 662 1956; x_wconf 28' lang='grc' dir='ltr'>Ι</span> 
     </span>
    </p>
   </div>
   <div class='ocr_carea' id='block_1_3' title="bbox 231 1973 1405 3063">
    <p class='ocr_par' dir='ltr' id='par_1_3' title="bbox 231 1973 1405 3063">
     <span class='ocr_line' id='line_1_14' title="bbox 408 1973 1150 2069; baseline -0.001 -21"><span class='ocrx_word' id='word_1_101' title='bbox 408 1983 448 2048; x_wconf 82' lang='grc'>57</span> <span class='ocrx_word' id='word_1_102' title='bbox 490 1985 644 2049; x_wconf 83' lang='grc' dir='ltr'><em>τοιοῦτον</em></span> <span class='ocrx_word' id='word_1_103' title='bbox 666 1973 897 2067; x_wconf 69' lang='grc' dir='ltr'><em>ἀνθρώποισιν</em></span> <span class='ocrx_word' id='word_1_104' title='bbox 917 1976 937 2069; x_wconf 82' lang='grc' dir='ltr'><strong><em>ἡ</em></strong></span> <span class='ocrx_word' id='word_1_105' title='bbox 959 1981 1150 2066; x_wconf 78' lang='grc' dir='ltr'><strong><em>δυσπραξία,</em></strong></span> 
     </span>
     <span class='ocr_line' id='line_1_15' title="bbox 491 2075 1235 2184; baseline 0.003 -28"><span class='ocrx_word' id='word_1_106' title='bbox 491 2075 528 2180; x_wconf 80' lang='grc' dir='ltr'>ἧς</span> <span class='ocrx_word' id='word_1_107' title='bbox 548 2085 678 2184; x_wconf 61' lang='grc' dir='ltr'><em>μήποθ’</em></span> <span class='ocrx_word' id='word_1_108' title='bbox 708 2085 799 2170; x_wconf 74' lang='grc' dir='ltr'><em>ὅστις</em></span> <span class='ocrx_word' id='word_1_109' title='bbox 819 2092 873 2157; x_wconf 80' lang='grc' dir='ltr'>καὶ</span> <span class='ocrx_word' id='word_1_110' title='bbox 893 2090 1002 2174; x_wconf 81' lang='grc' dir='ltr'><em>μέσως</em></span> <span class='ocrx_word' id='word_1_111' title='bbox 1023 2081 1139 2169; x_wconf 73' lang='grc' dir='ltr'><em>εδνους</em></span> <span class='ocrx_word' id='word_1_112' title='bbox 1161 2089 1235 2175; x_wconf 75' lang='grc' dir='ltr'><em>ἐμοὶ</em></span> 
     </span>
     <span class='ocr_line' id='line_1_16' title="bbox 492 2191 1148 2288; baseline 0.005 -25"><span class='ocrx_word' id='word_1_113' title='bbox 492 2194 593 2282; x_wconf 81' lang='grc' dir='ltr'><em>τύχοι,</em></span> <span class='ocrx_word' id='word_1_114' title='bbox 616 2200 722 2288; x_wconf 82' lang='grc' dir='ltr'><em>φίλων</em></span> <span class='ocrx_word' id='word_1_115' title='bbox 745 2197 875 2285; x_wconf 73' lang='grc' dir='ltr'><em>ἔλεγχον</em></span> <span class='ocrx_word' id='word_1_116' title='bbox 895 2191 1148 2285; x_wconf 72' lang='grc' dir='ltr'><em>ἀψευδέστατον.</em></span> 
     </span>
     <span class='ocr_line' id='line_1_17' title="bbox 310 2324 1404 2412; baseline -0.001 -18"><span class='ocrx_word' id='word_1_117' title='bbox 310 2329 420 2394; x_wconf 87' lang='lat' dir='ltr'>Nonne</span> <span class='ocrx_word' id='word_1_118' title='bbox 447 2329 607 2405; x_wconf 87' lang='lat' dir='ltr'>miramur,</span> <span class='ocrx_word' id='word_1_119' title='bbox 639 2329 666 2394; x_wconf 88' lang='lat' dir='ltr'>si</span> <span class='ocrx_word' id='word_1_120' title='bbox 687 2329 820 2412; x_wconf 86' lang='lat' dir='ltr'>legimus</span> <span class='ocrx_word' id='word_1_121' title='bbox 848 2348 877 2393; x_wconf 84' lang='lat' dir='ltr'>v.</span> <span class='ocrx_word' id='word_1_122' title='bbox 898 2327 961 2393; x_wconf 79' lang='lat'>58?</span> <span class='ocrx_word' id='word_1_123' title='bbox 1004 2324 1115 2394; x_wconf 88' lang='lat' dir='ltr'>Nonne</span> <span class='ocrx_word' id='word_1_124' title='bbox 1136 2347 1292 2412; x_wconf 87' lang='lat' dir='ltr'>regamus,</span> <span class='ocrx_word' id='word_1_125' title='bbox 1327 2328 1404 2411; x_wconf 82' lang='lat' dir='ltr'>quid</span> 
     </span>
     <span class='ocr_line' id='line_1_18' title="bbox 309 2434 1405 2520; baseline 0 -18"><span class='ocrx_word' id='word_1_126' title='bbox 309 2437 435 2502; x_wconf 83' lang='lat' dir='ltr'>tandem</span> <span class='ocrx_word' id='word_1_127' title='bbox 456 2437 714 2520; x_wconf 86' lang='lat' dir='ltr'>Amphitruonem</span> <span class='ocrx_word' id='word_1_128' title='bbox 739 2437 913 2520; x_wconf 81' lang='lat' dir='ltr'>compellat,</span> <span class='ocrx_word' id='word_1_129' title='bbox 937 2437 973 2501; x_wconf 85' lang='lat' dir='ltr'>ut</span> <span class='ocrx_word' id='word_1_130' title='bbox 993 2437 1052 2501; x_wconf 87' lang='lat' dir='ltr'>heo</span> <span class='ocrx_word' id='word_1_131' title='bbox 1071 2434 1172 2518; x_wconf 89' lang='lat' dir='ltr'>ipsum</span> <span class='ocrx_word' id='word_1_132' title='bbox 1188 2436 1296 2501; x_wconf 91' lang='lat' dir='ltr'>votum</span> <span class='ocrx_word' id='word_1_133' title='bbox 1310 2436 1405 2519; x_wconf 87' lang='lat' dir='ltr'>idque</span> 
     </span>
     <span class='ocr_line' id='line_1_19' title="bbox 309 2544 1403 2629; baseline -0.001 -20"><span class='ocrx_word' id='word_1_134' title='bbox 309 2546 376 2610; x_wconf 86' lang='lat' dir='ltr'>tem</span> <span class='ocrx_word' id='word_1_135' title='bbox 397 2546 477 2610; x_wconf 85' lang='lat' dir='ltr'>mira</span> <span class='ocrx_word' id='word_1_136' title='bbox 507 2545 607 2611; x_wconf 86' lang='lat' dir='ltr'>forma</span> <span class='ocrx_word' id='word_1_137' title='bbox 636 2545 836 2629; x_wconf 80' lang='lat' dir='ltr'>pronuntiet?</span> <span class='ocrx_word' id='word_1_138' title='bbox 879 2545 948 2623; x_wconf 83' lang='lat' dir='ltr'>Sed,</span> <span class='ocrx_word' id='word_1_139' title='bbox 982 2545 1064 2629; x_wconf 89' lang='lat' dir='ltr'>qnod</span> <span class='ocrx_word' id='word_1_140' title='bbox 1095 2545 1316 2628; x_wconf 88' lang='lat' dir='ltr'>gravissimum</span> <span class='ocrx_word' id='word_1_141' title='bbox 1345 2544 1403 2624; x_wconf 87' lang='lat' dir='ltr'>est,</span> 
     </span>
     <span class='ocr_line' id='line_1_20' title="bbox 231 2643 1404 2742; baseline -0.001 -23"><span class='ocrx_word' id='word_1_142' title='bbox 231 2666 235 2674; x_wconf 85' lang='lat'>&#39;</span> <span class='ocrx_word' id='word_1_143' title='bbox 309 2654 402 2719; x_wconf 83' lang='lat' dir='ltr'>verba</span> <span class='ocrx_word' id='word_1_144' title='bbox 423 2651 530 2739; x_wconf 83' lang='grc' dir='ltr'><em>φίλων</em></span> <span class='ocrx_word' id='word_1_145' title='bbox 552 2649 682 2742; x_wconf 64' lang='grc' dir='ltr'><em>ἔλεγχον</em></span> <span class='ocrx_word' id='word_1_146' title='bbox 703 2643 946 2738; x_wconf 77' lang='grc' dir='ltr'>ἀψευδέστατον</span> <span class='ocrx_word' id='word_1_147' title='bbox 963 2645 990 2718; x_wconf 90' lang='lat' dir='ltr'>si</span> <span class='ocrx_word' id='word_1_148' title='bbox 1015 2652 1256 2738; x_wconf 83' lang='lat' dir='ltr'>grammaticam</span> <span class='ocrx_word' id='word_1_149' title='bbox 1277 2671 1404 2735; x_wconf 85' lang='lat' dir='ltr'>sequere</span> 
     </span>
     <span class='ocr_line' id='line_1_21' title="bbox 309 2745 1404 2847; baseline -0.003 -19"><span class='ocrx_word' id='word_1_150' title='bbox 309 2761 349 2828; x_wconf 85' lang='lat' dir='ltr'>ad</span> <span class='ocrx_word' id='word_1_151' title='bbox 371 2762 555 2827; x_wconf 90' lang='lat' dir='ltr'>sententiam</span> <span class='ocrx_word' id='word_1_152' title='bbox 579 2745 615 2847; x_wconf 79' lang='grc' dir='ltr'>ἧς</span> <span class='ocrx_word' id='word_1_153' title='bbox 636 2798 672 2810; x_wconf 89' lang='grc'><strong>-</strong></span> <span class='ocrx_word' id='word_1_154' title='bbox 695 2755 795 2841; x_wconf 84' lang='grc' dir='ltr'><em>τύχοι,</em></span> <span class='ocrx_word' id='word_1_155' title='bbox 827 2763 853 2827; x_wconf 89' lang='lat' dir='ltr'>si</span> <span class='ocrx_word' id='word_1_156' title='bbox 873 2781 1005 2841; x_wconf 86' lang='lat' dir='ltr'>sensnm,</span> <span class='ocrx_word' id='word_1_157' title='bbox 1040 2761 1080 2829; x_wconf 87' lang='lat' dir='ltr'>ad</span> <span class='ocrx_word' id='word_1_158' title='bbox 1102 2759 1303 2844; x_wconf 79' lang='grc' dir='ltr'><em>δυσπραξίαν</em></span> <span class='ocrx_word' id='word_1_159' title='bbox 1322 2759 1373 2825; x_wconf 87' lang='lat' dir='ltr'>rei</span> <span class='ocrx_word' id='word_1_160' title='bbox 1388 2794 1404 2807; x_wconf 94' lang='lat'>-</span> 
     </span>
     <span class='ocr_line' id='line_1_22' title="bbox 309 2869 1402 2952; baseline -0.003 -17"><span class='ocrx_word' id='word_1_161' title='bbox 309 2869 404 2936; x_wconf 86' lang='lat' dir='ltr'>rende</span> <span class='ocrx_word' id='word_1_162' title='bbox 419 2871 505 2936; x_wconf 90' lang='lat' dir='ltr'>sunt:</span> <span class='ocrx_word' id='word_1_163' title='bbox 528 2872 673 2936; x_wconf 90' lang='lat' dir='ltr'>neutrum</span> <span class='ocrx_word' id='word_1_164' title='bbox 687 2872 803 2937; x_wconf 92' lang='lat' dir='ltr'>honum</span> <span class='ocrx_word' id='word_1_165' title='bbox 821 2871 908 2952; x_wconf 83' lang='lat' dir='ltr'>est1).</span> <span class='ocrx_word' id='word_1_166' title='bbox 932 2870 1026 2936; x_wconf 85' lang='lat' dir='ltr'>Vides</span> <span class='ocrx_word' id='word_1_167' title='bbox 1041 2888 1127 2952; x_wconf 91' lang='lat' dir='ltr'>spero</span> <span class='ocrx_word' id='word_1_168' title='bbox 1138 2869 1402 2952; x_wconf 85' lang='lat' dir='ltr'>interpolatorem,</span> 
     </span>
     <span class='ocr_line' id='line_1_23' title="bbox 310 2976 1403 3063; baseline -0.003 -18"><span class='ocrx_word' id='word_1_169' title='bbox 310 2977 364 3063; x_wconf 89' lang='lat' dir='ltr'>qui</span> <span class='ocrx_word' id='word_1_170' title='bbox 384 2980 538 3063; x_wconf 80' lang='lat' dir='ltr'>tragicam</span> <span class='ocrx_word' id='word_1_171' title='bbox 560 2979 727 3045; x_wconf 82' lang='lat' dir='ltr'>dictionem</span> <span class='ocrx_word' id='word_1_172' title='bbox 748 2979 867 3046; x_wconf 86' lang='lat' dir='ltr'>imitari</span> <span class='ocrx_word' id='word_1_173' title='bbox 889 2980 1032 3059; x_wconf 89' lang='lat' dir='ltr'>voluerit,</span> <span class='ocrx_word' id='word_1_174' title='bbox 1055 2997 1116 3044; x_wconf 90' lang='lat' dir='ltr'>non</span> <span class='ocrx_word' id='word_1_175' title='bbox 1138 2978 1288 3061; x_wconf 89' lang='lat' dir='ltr'>potuerit;</span> <span class='ocrx_word' id='word_1_176' title='bbox 1315 2976 1403 3042; x_wconf 89' lang='lat' dir='ltr'>euius</span> 
     </span>
    </p>
   </div>
   <div class='ocr_carea' id='block_1_4' title="bbox 310 3086 1405 3263">
    <p class='ocr_par' dir='ltr' id='par_1_4' title="bbox 310 3086 1405 3263">
     <span class='ocr_line' id='line_1_24' title="bbox 310 3086 1405 3172; baseline -0.001 -20"><span class='ocrx_word' id='word_1_177' title='bbox 310 3087 495 3171; x_wconf 83' lang='lat' dir='ltr'>sapientiam</span> <span class='ocrx_word' id='word_1_178' title='bbox 529 3088 628 3154; x_wconf 86' lang='lat' dir='ltr'>multo</span> <span class='ocrx_word' id='word_1_179' title='bbox 661 3087 772 3156; x_wconf 90' lang='lat' dir='ltr'>melius</span> <span class='ocrx_word' id='word_1_180' title='bbox 804 3089 835 3155; x_wconf 88' lang='lat' dir='ltr'>et</span> <span class='ocrx_word' id='word_1_181' title='bbox 867 3089 989 3155; x_wconf 80' lang='lat' dir='ltr'>acutius</span> <span class='ocrx_word' id='word_1_182' title='bbox 1021 3089 1209 3172; x_wconf 83' lang='lat' dir='ltr'>expresserat</span> <span class='ocrx_word' id='word_1_183' title='bbox 1241 3086 1405 3170; x_wconf 74' lang='lat' dir='ltr'>Euripides</span> 
     </span>
     <span class='ocr_line' id='line_1_25' title="bbox 311 3198 413 3263; baseline 0.029 -3"><span class='ocrx_word' id='word_1_184' title='bbox 311 3215 339 3260; x_wconf 88' lang='lat' dir='ltr'>v.</span> <span class='ocrx_word' id='word_1_185' title='bbox 363 3198 413 3263; x_wconf 82' lang='lat'>55.</span> 
     </span>
    </p>
   </div>
   <div class='ocr_carea' id='block_1_5' title="bbox 580 3348 1126 3433">
    <p class='ocr_par' dir='ltr' id='par_1_5' title="bbox 580 3348 1126 3433">
     <span class='ocr_line' id='line_1_26' title="bbox 580 3348 1126 3433; baseline -0.005 -17"><span class='ocrx_word' id='word_1_186' title='bbox 580 3350 610 3416; x_wconf 89' lang='grc'>8.</span> <span class='ocrx_word' id='word_1_187' title='bbox 652 3350 703 3416; x_wconf 91' lang='lat' dir='ltr'>De</span> <span class='ocrx_word' id='word_1_188' title='bbox 724 3348 940 3433; x_wconf 78' lang='lat' dir='ltr'>Supplicem</span> <span class='ocrx_word' id='word_1_189' title='bbox 961 3348 1126 3432; x_wconf 89' lang='lat' dir='ltr'>prologo.</span> 
     </span>
    </p>
   </div>
   <div class='ocr_carea' id='block_1_6' title="bbox 309 3497 1406 3918">
    <p class='ocr_par' dir='ltr' id='par_1_6' title="bbox 309 3497 1406 3918">
     <span class='ocr_line' id='line_1_27' title="bbox 411 3497 1405 3586; baseline -0.002 -21"><span class='ocrx_word' id='word_1_190' title='bbox 411 3501 517 3569; x_wconf 87' lang='lat' dir='ltr'>Peuoe</span> <span class='ocrx_word' id='word_1_191' title='bbox 545 3501 623 3567; x_wconf 88' lang='lat' dir='ltr'>mihi</span> <span class='ocrx_word' id='word_1_192' title='bbox 648 3502 686 3567; x_wconf 88' lang='lat' dir='ltr'>de</span> <span class='ocrx_word' id='word_1_193' title='bbox 711 3500 891 3586; x_wconf 82' lang='lat' dir='ltr'>Supplicem</span> <span class='ocrx_word' id='word_1_194' title='bbox 921 3501 1049 3583; x_wconf 89' lang='lat' dir='ltr'>prologo</span> <span class='ocrx_word' id='word_1_195' title='bbox 1077 3497 1207 3564; x_wconf 81' lang='lat' dir='ltr'>dicenda</span> <span class='ocrx_word' id='word_1_196' title='bbox 1234 3499 1317 3577; x_wconf 90' lang='lat' dir='ltr'>sunt,</span> <span class='ocrx_word' id='word_1_197' title='bbox 1350 3501 1405 3582; x_wconf 90' lang='lat' dir='ltr'>qui</span> 
     </span>
     <span class='ocr_line' id='line_1_28' title="bbox 310 3607 1406 3690; baseline -0.003 -15"><span class='ocrx_word' id='word_1_198' title='bbox 310 3629 388 3676; x_wconf 90' lang='lat' dir='ltr'>unus</span> <span class='ocrx_word' id='word_1_199' title='bbox 408 3610 490 3676; x_wconf 88' lang='lat' dir='ltr'>inter</span> <span class='ocrx_word' id='word_1_200' title='bbox 512 3628 615 3677; x_wconf 90' lang='lat' dir='ltr'>omnes</span> <span class='ocrx_word' id='word_1_201' title='bbox 636 3609 723 3676; x_wconf 87' lang='lat' dir='ltr'>nulle</span> <span class='ocrx_word' id='word_1_202' title='bbox 745 3608 887 3675; x_wconf 85' lang='lat' dir='ltr'>foedatus</span> <span class='ocrx_word' id='word_1_203' title='bbox 906 3609 952 3674; x_wconf 87' lang='lat' dir='ltr'>est</span> <span class='ocrx_word' id='word_1_204' title='bbox 978 3607 1224 3690; x_wconf 86' lang='lat' dir='ltr'>interpolatione.</span> <span class='ocrx_word' id='word_1_205' title='bbox 1264 3607 1406 3674; x_wconf 86' lang='lat' dir='ltr'>Luoidis-</span> 
     </span>
     <span class='ocr_line' id='line_1_29' title="bbox 311 3716 1404 3802; baseline -0.003 -17"><span class='ocrx_word' id='word_1_206' title='bbox 311 3719 387 3786; x_wconf 88' lang='lat' dir='ltr'>sime</span> <span class='ocrx_word' id='word_1_207' title='bbox 413 3721 518 3786; x_wconf 87' lang='lat' dir='ltr'>autem</span> <span class='ocrx_word' id='word_1_208' title='bbox 548 3719 698 3802; x_wconf 86' lang='lat' dir='ltr'>disposita</span> <span class='ocrx_word' id='word_1_209' title='bbox 727 3719 773 3784; x_wconf 88' lang='lat' dir='ltr'>ost</span> <span class='ocrx_word' id='word_1_210' title='bbox 794 3718 869 3784; x_wconf 85' lang='lat' dir='ltr'>haee</span> <span class='ocrx_word' id='word_1_211' title='bbox 891 3718 1026 3783; x_wconf 81' lang='lat' dir='ltr'>Aethrae</span> <span class='ocrx_word' id='word_1_212' title='bbox 1056 3717 1165 3796; x_wconf 84' lang='lat' dir='ltr'>oratio,</span> <span class='ocrx_word' id='word_1_213' title='bbox 1199 3733 1296 3800; x_wconf 88' lang='lat' dir='ltr'>neque</span> <span class='ocrx_word' id='word_1_214' title='bbox 1327 3716 1404 3782; x_wconf 86' lang='lat' dir='ltr'>setis</span> 
     </span>
     <span class='ocr_line' id='line_1_30' title="bbox 309 3823 1405 3918; baseline -0.002 -24"><span class='ocrx_word' id='word_1_215' title='bbox 309 3847 435 3911; x_wconf 91' lang='lat' dir='ltr'>possum</span> <span class='ocrx_word' id='word_1_216' title='bbox 464 3829 581 3908; x_wconf 87' lang='lat' dir='ltr'>mirari,</span> <span class='ocrx_word' id='word_1_217' title='bbox 614 3827 766 3911; x_wconf 88' lang='lat' dir='ltr'>quomodo</span> <span class='ocrx_word' id='word_1_218' title='bbox 794 3827 831 3908; x_wconf 89' lang='lat' dir='ltr'>is,</span> <span class='ocrx_word' id='word_1_219' title='bbox 864 3827 917 3912; x_wconf 88' lang='lat' dir='ltr'>qui</span> <span class='ocrx_word' id='word_1_220' title='bbox 938 3827 976 3918; x_wconf 75' lang='lat' dir='ltr'>ue</span> <span class='ocrx_word' id='word_1_221' title='bbox 998 3827 1200 3912; x_wconf 80' lang='lat' dir='ltr'>symmetriee</span> <span class='ocrx_word' id='word_1_222' title='bbox 1223 3823 1405 3910; x_wconf 84' lang='lat' dir='ltr'>Supplieum</span> 
     </span>
    </p>
   </div>
   <div class='ocr_carea' id='block_1_7' title="bbox 310 4105 1478 4470">
    <p class='ocr_par' dir='ltr' id='par_1_7' title="bbox 310 4105 1478 4470">
     <span class='ocr_line' id='line_1_31' title="bbox 410 4105 1404 4177; baseline 0.001 -17"><span class='ocrx_word' id='word_1_223' title='bbox 410 4106 435 4177; x_wconf 91' lang='lat' dir='ltr'>l)</span> <span class='ocrx_word' id='word_1_224' title='bbox 453 4105 514 4162; x_wconf 91' lang='lat' dir='ltr'>Hoe</span> <span class='ocrx_word' id='word_1_225' title='bbox 531 4107 622 4176; x_wconf 84' lang='lat' dir='ltr'>ipsum</span> <span class='ocrx_word' id='word_1_226' title='bbox 640 4105 839 4162; x_wconf 79' lang='lat' dir='ltr'>animadvertit</span> <span class='ocrx_word' id='word_1_227' title='bbox 857 4105 995 4174; x_wconf 82' lang='lat' dir='ltr'>Reiskius,</span> <span class='ocrx_word' id='word_1_228' title='bbox 1023 4107 1071 4176; x_wconf 90' lang='lat' dir='ltr'>qui</span> <span class='ocrx_word' id='word_1_229' title='bbox 1097 4106 1167 4162; x_wconf 87' lang='lat' dir='ltr'>haee</span> <span class='ocrx_word' id='word_1_230' title='bbox 1184 4106 1297 4162; x_wconf 79' lang='lat' dir='ltr'>scribit:</span> <span class='ocrx_word' id='word_1_231' title='bbox 1328 4107 1404 4176; x_wconf 82' lang='lat' dir='ltr'>,Aut</span> 
     </span>
     <span class='ocr_line' id='line_1_32' title="bbox 310 4199 1406 4288; baseline -0.008 -24"><span class='ocrx_word' id='word_1_232' title='bbox 310 4205 420 4276; x_wconf 74' lang='grc' dir='ltr'>ἔλεγχος</span> <span class='ocrx_word' id='word_1_233' title='bbox 436 4200 648 4274; x_wconf 75' lang='grc' dir='ltr'><em>ἇψενδέστατος,</em></span> <span class='ocrx_word' id='word_1_234' title='bbox 677 4209 710 4259; x_wconf 90' lang='lat' dir='ltr'>ut</span> <span class='ocrx_word' id='word_1_235' title='bbox 729 4205 764 4260; x_wconf 84' lang='lat' dir='ltr'>ed</span> <span class='ocrx_word' id='word_1_236' title='bbox 782 4204 934 4274; x_wconf 79' lang='grc' dir='ltr'><em>δυσπραξία</em></span> <span class='ocrx_word' id='word_1_237' title='bbox 955 4203 1061 4288; x_wconf 81' lang='lat' dir='ltr'>redeat,</span> <span class='ocrx_word' id='word_1_238' title='bbox 1088 4208 1138 4259; x_wconf 83' lang='lat' dir='ltr'>eut</span> <span class='ocrx_word' id='word_1_239' title='bbox 1156 4205 1270 4276; x_wconf 77' lang='grc' dir='ltr'><em>ἐλέγχου</em></span> <span class='ocrx_word' id='word_1_240' title='bbox 1287 4199 1406 4272; x_wconf 78' lang='grc' dir='ltr'><em>ἀψευδε-</em></span> 
     </span>
     <span class='ocr_line' id='line_1_33' title="bbox 311 4279 1478 4373; baseline 0 -20"><span class='ocrx_word' id='word_1_241' title='bbox 311 4296 415 4364; x_wconf 78' lang='grc' dir='ltr'><em>στάτοο,</em></span> <span class='ocrx_word' id='word_1_242' title='bbox 435 4305 468 4356; x_wconf 86' lang='lat' dir='ltr'>ut</span> <span class='ocrx_word' id='word_1_243' title='bbox 485 4300 521 4356; x_wconf 85' lang='lat' dir='ltr'>ad</span> <span class='ocrx_word' id='word_1_244' title='bbox 538 4285 569 4368; x_wconf 74' lang='grc' dir='ltr'>ἧς</span> <span class='ocrx_word' id='word_1_245' title='bbox 586 4305 615 4356; x_wconf 89' lang='lat' dir='ltr'>et</span> <span class='ocrx_word' id='word_1_246' title='bbox 632 4294 715 4371; x_wconf 78' lang='grc' dir='ltr'><em>τύχοι.</em></span> <span class='ocrx_word' id='word_1_247' title='bbox 747 4301 777 4356; x_wconf 85' lang='lat' dir='ltr'>Si</span> <span class='ocrx_word' id='word_1_248' title='bbox 790 4300 1010 4373; x_wconf 62' lang='lat' dir='ltr'>autemlieypov</span> <span class='ocrx_word' id='word_1_249' title='bbox 1021 4296 1228 4370; x_wconf 71' lang='grc' dir='ltr'><em>ἀψευδέστατον</em></span> <span class='ocrx_word' id='word_1_250' title='bbox 1239 4299 1405 4370; x_wconf 81' lang='lat' dir='ltr'>retineatur,</span> <span class='ocrx_word' id='word_1_251' title='bbox 1473 4279 1478 4304; x_wconf 77' lang='lat'>⁸</span> 
     </span>
     <span class='ocr_line' id='line_1_34' title="bbox 310 4391 1224 4470; baseline -0.002 -15"><span class='ocrx_word' id='word_1_252' title='bbox 310 4396 423 4455; x_wconf 81' lang='lat' dir='ltr'>debebit</span> <span class='ocrx_word' id='word_1_253' title='bbox 440 4393 474 4466; x_wconf 76' lang='grc' dir='ltr'>ἦν</span> <span class='ocrx_word' id='word_1_254' title='bbox 493 4402 521 4455; x_wconf 84' lang='lat' dir='ltr'>et</span> <span class='ocrx_word' id='word_1_255' title='bbox 538 4391 618 4470; x_wconf 74' lang='grc' dir='ltr'><em>λάχοι</em></span> <span class='ocrx_word' id='word_1_256' title='bbox 634 4397 717 4470; x_wconf 76' lang='lat' dir='ltr'>logi.“</span> <span class='ocrx_word' id='word_1_257' title='bbox 1220 4409 1224 4420; x_wconf 88' lang='lat'>&#39;</span> 
     </span>
    </p>
   </div>
   <div class='ocr_carea' id='block_1_8' title="bbox 0 0 1571 5138">
    <p class='ocr_par' dir='ltr' id='par_1_8' title="bbox 0 0 1571 5138">
     <span class='ocr_line' id='line_1_35' title="bbox 0 0 1571 5138; baseline 0 0"><span class='ocrx_word' id='word_1_258' title='bbox 0 0 1571 5138; x_wconf 95' lang='lat' dir='ltr'> </span> 
     </span>
    </p>
   </div>
   <div class='ocr_carea' id='block_1_9' title="bbox 1558 2441 1565 4782">
    <p class='ocr_par' dir='ltr' id='par_1_9' title="bbox 1558 2441 1565 4782">
     <span class='ocr_line' id='line_1_36' title="bbox 1558 2441 1565 4782; baseline 0 0"><span class='ocrx_word' id='word_1_259' title='bbox 1558 2441 1565 4782; x_wconf 95' lang='lat' dir='ltr'> </span> 
     </span>
    </p>
   </div>
  </div>
 </body>
</html>
