3170 5134
840 451 874 514 ut

310 627 452 698 Racchus
474 630 555 714 quod
578 631 762 714 promiserat
784 651 813 697 v.
836 615 885 696 62'.
908 632 958 712 63,
983 649 1013 696 se
1038 630 1078 696 ad
1101 629 1315 696 Cithaeronem
1342 629 1407 694 itu·

311 759 389 819 rum,
424 757 485 804 nen
519 737 642 804 videtur
673 735 820 820 fecissel).
869 737 953 803 Male
979 738 1083 803 autem
1113 739 1274 820 usurpavit
1303 739 1407 822 isqui

308 848 364 914 hos
396 867 501 916 versus
534 847 658 930 scripsit
690 847 876 914 vocabulum
907 840 1075 929 πάρεδρος
1106 847 1144 912 de
1177 847 1217 912 ils
1245 848 1298 930 qui
1325 849 1407 914 Bac·

310 959 401 1022 ohum
432 958 635 1033 comitantur;
672 956 731 1021 etsi
758 957 839 1021 enim
866 956 899 1020 in
924 941 1035 1037 „socii“
1065 956 1223 1022 notionem
1250 976 1311 1022 non
1336 976 1407 1022 raro

310 1066 398 1145 abiit,
421 1067 527 1132 temen
548 1085 564 1130 e
585 1065 689 1131 radice
703 1068 790 1129 ΣΕΔ
806 1065 915 1130 fictum
937 1084 1003 1138 ,esse
1024 1083 1143 1148 semper
1161 1084 1309 1130 memores
1323 1066 1408 1132 suere

310 1173 465 1256 bracem).
510 1175 618 1258 Neque
640 1175 717 1240 satis
739 1175 960 1258 Intellegimus,
993 1173 1146 1257 quomodo
1167 1174 1315 1257 tympana
1337 1193 1408 1256 pos·

309 1285 374 1349 sint
397 1303 460 1350 csse
480 1279 567 1360 Ῥέας
588 1305 624 1348 τε
648 1276 908 1367 perpessurive
930 1281 1074 1365 (Bacchi)
1096 1276 1276 1366 εὑρήματος
1303 1284 1407 1349 tamen

309 1392 368 1458 hoc
391 1391 522 1456 fortasse
545 1389 757 1469 toleraremus,
789 1390 850 1455 nisi
875 1391 980 1473 paullo
1007 1391 1077 1473 post
1107 1390 1218 1456 tertius
1247 1392 1409 1473 appareret

308 1498 467 1564 inventor:

510 1633 569 1697 120
613 1615 640 1694 ὦ
662 1625 859 1714 θαλάμευμα
882 1624 1010 1718 Κουρή-

612 1764 679 1804 των
701 1734 818 1822 ζάθεοί
839 1764 875 1804 τε
898 1734 1031 1828 Κρήτας

614 1848 841 1934 Διογενέτορες
865 1845 1003 1930 ἔναυλοι,

613 1953 697 2024 ἔνθα
718 1952 915 2042 τρικόρυθες
936 1951 1066 2042 λλντροις

611 2063 811 2154 βυρσότονον
833 2063 988 2151 κύκλωμα,
1016 2097 1019 2105 ’
1248 2129 1251 2138 .

507 2177 567 2241 125
609 2171 686 2241 τόδε
708 2199 765 2269 μοι
789 2170 1037 2259 Κορύβαντες
1060 2166 1167 2262 ηὗρον.
1196 2215 1229 2224 -

406 2311 474 2375 Iam
497 2310 590 2375 habes
608 2310 802 2375 Baccharum
818 2311 981 2393 prologum
995 2311 1285 2394 interpolationibus
1295 2332 1409 2396 purga·

310 2420 378 2484 tum
394 2420 424 2484 et
445 2419 492 2483 its
514 2418 739 2500 comparatum,
762 2418 797 2480 ut
812 2417 913 2482 voluit
928 2437 991 2483 esse
1006 2419 1184 2502 Euripidem
1207 2421 1311 2486 omnia
1326 2422 1409 2486 certe

310 2529 458 2607 continet,
493 2546 572 2608 quae
593 2527 820 2608 spectatoribus
843 2527 883 2592 ad
905 2528 1043 2593 fabulam
1065 2529 1306 2612 intellegendam
1328 2520 1413 2596 scitu

309 2638 382 2702 sunt
403 2635 583 2702 necessaria.
622 2636 740 2701 Tamen
761 2636 856 2701 libere
878 2635 1025 2702 confiteor
1049 2656 1144 2701 unum
1166 2658 1229 2703 esse
1249 2639 1353 2704 locum
1375 2639 1406 2702 in

311 2767 372 2830 quo
392 2747 470 2812 mihi
492 2747 715 2812 sententiarum
738 2766 831 2812 nexus
853 2766 915 2812 non
937 2746 1012 2812 satis
1036 2745 1165 2828 placeat,
1189 2767 1217 2813 v.
1239 2748 1289 2812 43.
1327 2746 1409 2812 Gon·

310 2856 507 2921 siderandum
528 2855 633 2920 autem
655 2855 702 2920 est
724 2856 762 2921 ab
784 2856 842 2920 hoc
861 2855 927 2937 ipso
947 2875 1036 2920 versu
1051 2873 1164 2920 novam
1187 2855 1321 2937 incipere
1336 2874 1407 2937 pro-

309 2965 375 3048 logi
396 2963 526 3047 partem,
549 2983 628 3046 quae
644 2964 748 3029 minus
770 2983 910 3029 severum
933 2982 1002 3027 cum
1024 2959 1274 3045 praecedentibus
1297 2983 1408 3028 nexum

311 3074 460 3156 postulet3
494 3074 581 3139 nrrlla
610 3073 693 3138 certe
724 3072 858 3156 cogitari
889 3073 991 3155 potest
1019 3072 1139 3155 prologi
1166 3072 1266 3138 forma
1288 3073 1327 3138 ab
1349 3073 1409 3137 hae

312 3181 477 3248 offensione
499 3201 623 3265 prorsus
643 3182 752 3247 libera.

454 3418 503 3483 17.
547 3417 599 3482 De
618 3415 839 3500 Iphigeniae
861 3414 1078 3481 Aulidensis
1101 3415 1266 3500 prologo.

410 3577 533 3660 Agmen
559 3576 685 3642 claudat
711 3575 880 3641 novissima
909 3575 940 3640 et
964 3573 1151 3639 difficillima
1173 3573 1331 3656 Euripidis
1361 3573 1408 3639 ia·

310 3689 393 3773 bula,
421 3687 585 3770 Iphigenia
607 3684 794 3752 Aulidensis.
837 3684 884 3750 De
904 3685 991 3750 cuius
1012 3683 1132 3762 habitu,
1166 3683 1408 3766 perturbatione,

415 3964 439 4031 1)
458 3961 534 4030 Quae
553 3961 589 4016 de
607 3961 733 4016 versibus
752 3962 796 4014 62.
810 3962 843 4015 63
856 3959 963 4030 scripsi,
982 3959 1127 4014 docentem
1140 3957 1235 4013 audivi
1247 3957 1409 4013 Usenerum.

311 4060 389 4115 Idem
407 4060 457 4114 hos
476 4077 571 4114 versus
590 4058 705 4114 delevit.

411 4157 439 4226 2)
460 4155 501 4211 cf.
526 4153 573 4209 Or.
596 4157 639 4208 83.
667 4154 745 4208 1687.
791 4153 857 4208 Hec.
877 4153 938 4206 616.
969 4151 1071 4205 Troad.
1091 4150 1151 4204 573.
1182 4149 1243 4204 Hel.
1263 4152 1323 4205 879.
1361 4150 1410 4204 Bis

311 4254 503 4324 metaphorica
520 4251 726 4323 significatione
744 4248 894 4319 Euripides
914 4266 977 4304 oum
995 4248 1131 4304 vocabulo
1149 4243 1274 4316 ξυνεργός
1295 4247 1409 4302 coniun-

311 4351 365 4404 xit:
394 4349 467 4404 Med.
487 4349 547 4402 844.
568 4347 653 4416 Hipp.
672 4347 736 4401 676.
