3170 5134
824 464 859 520 66

294 633 371 700 haec
392 652 485 700 cauea
506 655 556 700 mo
577 653 639 702 non
660 637 876 714 commoveret,
899 636 959 702 nisi
980 634 1067 702 aliud
1087 635 1257 702 accederet:
1286 637 1388 720 ipsum

292 745 421 810 verbum
442 742 569 828 recipere
595 745 677 827 apud
706 746 806 828 epicos
833 746 937 828 poetas
964 745 1035 810 inde
1062 746 1102 811 ab
1123 745 1260 811 Homero
1292 765 1389 828 usque

294 851 334 918 ad
356 852 503 918 Nonnum
524 870 642 937 semper
667 851 781 930 floruit,
816 850 897 934 apud
917 851 1055 934 tragicos
1077 870 1229 934 nusquam
1251 852 1388 934 apparet.

293 961 362 1026 Hoo
382 979 504 1044 quoque
519 962 649 1026 'monere
672 960 764 1026 iuvat
776 960 1034 1040 constructionem
1049 960 1134 1026 illius
1148 960 1243 1039 verbi,
1266 961 1389 1043 qualem
1478 1003 1480 1011 ι

294 1090 323 1137 v.
346 1072 387 1136 26
408 1071 538 1150 exhibet,
559 1070 753 1135 tolerabilem
774 1069 898 1152 quidem
920 1087 994 1148 esse,
1014 1069 1143 1135 minime
1162 1069 1337 1152 legitimam
1358 1070 1389 1134 et

258 1205 261 1210 ·
290 1179 454 1246 usitatam.
480 1215 515 1226 -
540 1178 796 1260 purulenta

433 1295 488 1360 καὶ
509 1295 646 1382 σκῆπτρ’
673 1291 807 1361 ἔπαθλα
829 1296 927 1384 τῆσδε
948 1288 1106 1379 λαμβάνει
1126 1289 1249 1376 χθονός

292 1413 492 1480 statuendum
523 1413 578 1490 sit,
614 1413 703 1478 docet
739 1413 922 1478 scholiasta:
963 1411 1041 1496 παρ’
1076 1404 1184 1478 οὐδενὶ
1214 1416 1319 1479 κεῖται
1349 1409 1387 1479 τὸ

297 1517 432 1587 ἔπαθλα
456 1514 477 1609 ἢ
508 1515 599 1606 μόνῳ
631 1523 677 1606 τῷ
703 1512 880 1608 Εὐριπίδη·
911 1515 995 1586 ὅθεν
1020 1515 1266 1607 μεταχράφοοσί
1290 1540 1388 1600 τινες·
1438 1606 1440 1616 ,

294 1629 365 1714 [καὶ
385 1632 537 1715 σκῆπτρα
559 1625 666 1713 χώρας
687 1615 775 1694 ἆθλα
797 1629 894 1717 τῆσδε
917 1624 1088 1713 λαμβάνει]
1102 1628 1134 1714 ¹).
1177 1629 1215 1695 τὸ
1240 1629 1277 1697 δέ
1299 1627 1388 1717 ἑξῆς·

292 1739 346 1806 καὶ
368 1748 518 1826 σκῆπτρα
540 1735 646 1822 χώρας
666 1739 767 1825 τῆσδε
791 1733 835 1816 ὥς
856 1725 946 1804 ἆθλα
967 1733 1130 1821 λαμβάνει.
1163 1741 1255 1806 Vides
1272 1741 1388 1806 veteres

292 1849 515 1934 grammaticos
549 1851 674 1933 propter
704 1850 891 1916 vocabulum
925 1845 1059 1915 ἔπαθλα
1090 1869 1213 1915 versum
1243 1850 1388 1926 mutasse,

291 1977 348 2042 ego
375 1958 415 2024 ob
443 1959 569 2025 eandem
602 1977 726 2024 oausam
756 1977 826 2024 cum
853 1959 988 2043 Bergkio
1019 1959 1141 2024 damno.
1186 1958 1253 2039 Quo
1285 1959 1388 2023 autem

291 2067 376 2133 istud
411 2067 607 2148 vocabulum,
646 2067 729 2151 quod
764 2067 845 2149 apud
878 2068 1060 2150 posteriores
1092 2067 1255 2150 scriptores
1289 2065 1386 2132 veluti

292 2175 498 2242 Plutarchum
524 2177 667 2261 legimus,
699 2166 853 2258 pertineat
880 2176 969 2242 docet
992 2177 1072 2243 Poll.
1090 2177 1141 2242 ΙΙΙ
1163 2177 1237 2241 143:
1267 2169 1386 2264 καὶτὰ

292 2282 351 2366 μέν
373 2275 597 2367 ὀνομαζόμενα
618 2279 695 2348 ὑπὸ
717 2286 793 2346 τῶν
814 2283 971 2348 πολλῶν
996 2280 1130 2350 ἔπαθλα
1152 2270 1242 2349 ἆθλα
1262 2281 1384 2348 καλοῖτ’

291 2385 330 2455 tt
351 2394 467 2469 κοινῶς
489 2391 540 2457 ἐπ’
568 2384 694 2478 ἀμφοῖν
721 2391 774 2457 καὶ
797 2387 964 2478 νικητήρια
983 2392 1036 2458 καὶ
1059 2391 1206 2477 ἐπίχειρα
1224 2392 1278 2456 καὶ
1299 2390 1384 2476 χέρα.

292 2502 339 2566 Do
360 2503 542 2585 argumento
564 2503 656 2566 huius
678 2521 783 2568 versus
804 2502 863 2568 hoc
884 2502 1058 2568 addendum
1085 2503 1131 2568 est
1156 2522 1217 2568 non
1244 2519 1384 2584 rognum,

290 2609 344 2674 sed
366 2610 491 2693 reginae
513 2611 746 2676 matrimonium
768 2631 798 2677 v.
809 2612 933 2678 47-49
951 2633 970 2678 a
986 2611 1115 2678 Creonte
1129 2611 1299 2695 praemium
1314 2606 1384 2693 pro·

292 2719 374 2801 poni.
406 2753 447 2764 -—
479 2719 642 2786 Praeterea
664 2710 871 2809 ἀποστροφῇ,
903 2742 964 2804 (μαι
987 2722 1108 2786 Iocasta
1129 2721 1213 2786 loris
1234 2720 1382 2785 auxilium

290 2825 446 2910 implorat,
468 2829 591 2894 assutus
613 2829 660 2893 est
681 2848 801 2912 pannus
823 2831 1037 2914 turpissimus:

390 2945 431 3009 86
472 2937 531 3030 χρὴ
553 2943 591 3023 δ’,
614 2940 644 3010 εἰ
664 2941 770 3032 σοφὰς
793 2946 950 3032 πέφυκας,
973 2937 1031 3010 οὔκ
1053 2943 1109 3011 έᾶν
1129 2939 1250 3028 βροτὸν

473 3047 531 3117 τὸν
554 3043 654 3118 αὐτόν
676 3044 728 3118 ἀεὶ
748 3055 883 3140 δυστυχῆ
903 3050 1111 3138 καθεστάναι,

291 3167 428 3234 obiectus
450 3171 489 3235 ab
511 3172 656 3237 Usenero.
700 3172 834 3237 Docetne
855 3173 1010 3238 Iocastem
1037 3173 1107 3257 post
1130 3188 1233 3254 preces
1260 3171 1384 3237 sollem·
1420 3197 1423 3201 ·

291 3295 344 3342 nes
369 3296 513 3343 versuum
534 3280 585 3344 84.
608 3280 647 3344 85
673 3279 740 3344 tarn
761 3278 937 3345 indecenter
960 3281 1065 3346 Iovem
1090 3279 1231 3362 alloqui?
1259 3316 1294 3326 —
1324 3279 1383 3346 Seu

291 3403 371 3450 unus
398 3386 518 3470 prologi
549 3388 648 3453 nostri
677 3387 773 3467 locus,
807 3407 899 3470 quern
931 3389 1071 3454 consulto
1104 3388 1235 3472 reposui,
1269 3389 1384 3454 maiore

291 3492 404 3560 damno
426 3495 555 3560 affectus
577 3497 633 3570 est,
656 3515 760 3562 versus
782 3497 849 3562 dico
872 3499 1009 3562 21-23:

441 3603 509 3677 ὅδ’
531 3607 627 3700 ἡδονῇ
649 3609 725 3690 δούς
747 3607 794 3691 εἴς
815 3637 851 3679 τε
873 3617 1024 3696 βακχεῖον
1044 3609 1157 3680 πεσαλν

442 3717 595 3804 ἔσπειρεν
617 3715 694 3808 ἡμῖν
715 3722 827 3804 παῖδα,
850 3721 904 3788 καὶ
925 3721 1062 3805 σπείρας
1082 3722 1206 3809 βρέφος

438 3825 532 3914 χνοῦς
552 3822 769 3915 τάμπλάκημα
788 3833 847 3896 τοῦ
868 3833 952 3896 θεοῦ
972 3855 1008 3896 τε
1027 3826 1086 3920 τὴν
1105 3825 1204 3918 φάτιν
1224 3831 1291 3897 κτλ.

291 3946 422 4012 Videtur
444 3957 541 4012 unum
564 3949 712 4014 vitiorum
734 3947 989 4014 animadvertisse
1001 3950 1135 4015 Thomas
1147 3949 1307 4034 Magister,
1329 3951 1382 4034 qui

291 4054 331 4120 ad
345 4075 375 4121 v.
388 4057 427 4121 21
441 4056 518 4122 haec
533 4055 677 4123 adnotat:
697 4059 861 4138 βακχεῖον·
876 4055 992 4141 μέθην,
1009 4055 1238 4141 ἕρωτομανίαν.
1260 4057 1381 4143 λέγεται
1466 4140 1472 4148 ι

394 4341 422 4411 1)
440 4340 516 4410 Quae
534 4341 610 4397 uncie
628 4341 737 4411 inclusi,
754 4340 825 4397 bene
843 4342 982 4413 supplevit
999 4343 1182 4400 Hermannue.
