3124 5138
714 421 749 474 28

315 585 432 670 ‘'rulog
450 591 479 657 δ’
500 585 638 678 ἀδελφοί
659 593 695 656 θ’
719 583 788 658 οἷσι
809 587 985 676 πρεσβεύει
1004 592 1094 678 γένος

324 698 447 785 ζηταῢα
471 693 557 765 ὅπου
579 702 638 783 γῆς
658 693 783 785 πύργον
805 696 1009 783 οἰκιαύμεθα,

323 801 361 897 ἢν
381 807 471 894 τῆσδ’
493 801 741 892 &nondumne
761 803 847 890 πρὸς
867 809 942 892 βίαν
961 804 1085 891 χθονός

183 935 364 1018 lluripideos
392 953 466 1000 esse.
510 935 557 1000 Ae
583 935 718 1016 primum
747 935 872 1018 quidem
902 936 1080 1002 adultorum
1101 936 1189 1020 Hylli
1216 937 1278 1003 fra·

182 1044 267 1110 trum
290 1042 410 1108 nullum
432 1043 466 1108 in
494 1042 601 1109 fabule
630 1044 797 1127 vestigium
825 1047 971 1128 apperet3
998 1046 1278 1111 commemorantur

183 1152 273 1218 Diod.
296 1151 343 1217 IV
364 1152 414 1232 57,
436 1153 465 1216 2.
507 1152 615 1235 Neque
636 1170 748 1230 rernm,
772 1171 852 1236 quae
873 1153 924 1218 hie
946 1154 1122 1226 narrentur,
1145 1152 1211 1218 ulla
1232 1154 1278 1218 est

182 1261 215 1326 in
238 1260 347 1327 esteris
368 1260 492 1328 subulae
515 1261 655 1342 partibus
678 1262 841 1327 memoria:
868 1262 1000 1346 Hyllum
1022 1262 1174 1327 sociorum
1198 1281 1278 1327 erer-

184 1370 281 1435 oitum
302 1369 361 1436 sibi
382 1389 505 1454 purusne
525 1371 669 1437 eudimus
690 1392 720 1437 v.
745 1372 815 1438 664.
858 1371 1005 1437 Insoitiee
1025 1373 1130 1438 eutem
1153 1371 1279 1455 linguas
1358 1427 1360 1433 ,

183 1477 319 1545 (iraeneo
343 1479 502 1544 luculente
530 1482 666 1563 exemplu
688 1481 761 1545 sunt
783 1481 876 1546 verbo
898 1470 966 1545 οἷσι
988 1473 1167 1563 πρεσβεύει
1188 1477 1279 1563 γένος

183 1587 214 1653 ot
235 1581 322 1652 ὅπου
344 1593 402 1672 γῆς
422 1581 550 1672 πύργον
572 1583 777 1671 οἰκιούμεθα.
819 1591 931 1674 Itaque
946 1591 1040 1656 stiam
1056 1591 1111 1654 hos
1132 1589 1194 1654 tres
1210 1607 1279 1653 ver·

184 1715 236 1762 sus
257 1697 433 1762 obiciemus.
476 1697 584 1781 Neque
605 1697 816 1764 desideramus
831 1699 919 1782 Hylli
940 1697 973 1762 in
996 1698 1123 1781 prologo
1146 1715 1278 1762 somme·

184 1805 396 1885 metationem,
428 1807 608 1889 praesertim
629 1825 702 1871 oum
723 1825 776 1888 por
798 1807 899 1900 totum
921 1806 1060 1872 fabulum
1080 1806 1113 1870 in
1135 1823 1277 1871 souenem

184 1931 244 1980 non
269 1913 407 1997 prodest.
460 1914 536 1995 Quis
568 1915 673 1981 autern
701 1915 781 1980 esset
813 1914 940 1998 Hyllus,
976 1915 1085 1980 stetim
1114 1914 1278 1996 postquem

183 2041 294 2088 nomen
315 2023 380 2088 eius
397 2023 532 2106 primum
555 2019 701 2106 apparuit
721 2023 821 2104 (639),
855 2022 971 2088 disoero
993 2021 1137 2104 poterunt
1158 2017 1279 2104 speeta-

184 2132 265 2198 toros
287 2150 316 2197 r.
332 2132 403 2197 659.
424 2166 466 2178 -
487 2131 513 2195 ll
534 2131 655 2214 prologi
675 2131 871 2197 oonolusione
891 2131 955 2197 ium
979 2149 1071 2214 supra
1092 2129 1278 2216 removimus
1384 2137 1387 2146 '

112 2236 116 2244 '
184 2259 213 2306 v.
235 2241 285 2306 51.
330 2239 529 2306 Addiderunt
554 2241 711 2323 praetereo
738 2239 903 2306 histriones
931 2240 994 2305 tres
1018 2257 1124 2306 versus
1154 2237 1278 2304 52-54

184 2348 258 2414 felsi
279 2333 413 2425 πάθους
433 2349 551 2431 plenos:

331 2459 362 2539 ω’
383 2477 490 2558 μῖσος,
513 2468 581 2540 εἴθ’
604 2463 696 2540 ὄλοιο
717 2468 765 2556 χώ
788 2471 926 2558 πέμψας
950 2473 1010 2557 [α’]
1034 2463 1126 2562 ἇνήρ·

332 2577 505 2660 (ὅςπολλὰ
526 2576 567 2669 δὴ
587 2580 639 2647 καὶ
660 2584 761 2648 ταῖνδε
782 2581 917 2669 γενναίῳ
939 2582 1041 2665 πατρὶ

332 2691 368 2759 ἐκ
388 2693 484 2758 τοῦδε
505 2682 628 2758 radron
649 2691 815 2774 στόματος
836 2681 982 2778 ἤγγειλας
1004 2687 1096 2770 κακά,

182 2819 216 2886 in
238 2821 350 2905 quibus
372 2821 430 2886 hoo
452 2838 575 2902 prorsus
598 2817 791 2885 intolerabile
813 2819 869 2898 est,
896 2820 983 2902 'quod
1005 2820 1107 2886 versui
1129 2822 1170 2886 52
1191 2821 1278 2887 subi·

184 2929 264 2993 uitur
286 2947 379 2994 oense
398 2923 663 3008 absurdissima1).
695 2926 800 3008 Atque
815 2927 1022 3010 Eurystheum
1036 2929 1151 2994 multos
1167 2947 1278 3011 graves

183 3036 304 3112 labores
324 3035 506 3117 imposuisse
524 3033 652 3100 Herculi
668 3033 865 3100 notissimum
888 3036 950 3100 est:
973 3055 1025 3119 per
1047 3055 1227 3120 praeconem
1250 3037 1277 3103 ei

184 3144 268 3211 mulo
288 3143 447 3209 nuntiasse
469 3142 615 3208 eonfiteor
636 3162 686 3208 me
706 3143 852 3228 ignorare
880 3143 979 3227 neque
1006 3145 1084 3210 seire
1109 3144 1200 3210 huius
1230 3145 1279 3210 f·

183 3255 274 3322 bulso
296 3253 479 3337 interpretes
500 3273 535 3319 er
555 3253 679 3319 silentio
701 3271 806 3319 sorum
828 3252 987 3319 eoneludo.

399 3439 404 3452 “
424 3469 454 3534 5.
498 3468 551 3533 De
570 3467 853 3534 Andromeohee
874 3466 1038 3550 prologo.

284 3621 372 3702 Quod
395 3620 546 3685 iudicium
562 3619 786 3702 Aristophanes
801 3617 972 3701 Byzantius
995 3617 1029 3681 in
1043 3617 1279 3686 Andromachae

184 3731 368 3814 argumento
390 3729 427 3795 de
447 3730 575 3812 prologo
596 3728 686 3794 huius
702 3728 825 3793 fabulae
839 3727 929 3792 tulit:
952 3719 970 3789 ὁ
985 3720 1150 3810 πρόλογος
1163 3728 1278 3814 σαφῶς

184 3839 238 3903 καὶ
259 3833 399 3921 εὐλόγως
420 3834 587 3923 εἰρημένας
607 3834 714 3904 v'erum
736 3838 915 3919 iustumque
938 3855 1002 3902 esse
1030 3855 1118 3902 nemo
1141 3837 1278 3920 negabit.

187 3947 278 4014 Glsru
310 3947 391 4012 enim
424 3947 455 4012 et
484 3947 633 4013 distinete
665 3946 805 4012 oratione
829 3945 1049 4012 Andromache
1077 3945 1110 4010 in
1138 3944 1278 4011 Thetidis

286 4200 313 4270 l)
332 4199 411 4258 lieno
428 4201 487 4256 fore
505 4201 670 4256 sententium
688 4203 890 4271 exspectemus:
911 4198 1084 4268 „Grudeliter
1097 4196 1170 4253 enim
1189 4200 1218 4252 et
1234 4212 1277 4250 es·

186 4295 264 4352 sidus
281 4315 332 4352 nos
348 4297 572 4369 persequimini.“
