3170 5134
466 998 470 1006 Ι
574 1041 754 1095 ADDENDA
773 1041 820 1094 ET
840 1042 1078 1098 CORRIGENDA

383 1209 458 1264 Inter
476 1212 617 1279 ingentem
636 1214 898 1282 scriptiuncularum
922 1219 950 1268 et
970 1214 1194 1269 observationum
1214 1215 1375 1284 Euripiden·

283 1321 343 1356 rum
362 1306 462 1358 molem
482 1308 557 1375 quod
575 1309 720 1362 nonnullae
735 1327 778 1364 me
791 1309 932 1379 fugerunt,
950 1328 1032 1368 nemo
1046 1314 1114 1378 puto
1127 1311 1276 1364 mirabitur
1289 1329 1377 1381 neque

283 1402 351 1455 mihi
371 1405 515 1476 nascetur.
553 1405 628 1459 Haec
653 1406 687 1458 ab
712 1405 772 1460 aliis
794 1411 997 1476 praeoccupata
1022 1424 1080 1462 esne
1099 1425 1162 1461 sero
1180 1407 1376 1462 animadverti:

282 1499 324 1552 El.
345 1502 378 1553 10
397 1499 499 1554 delevit
517 1502 560 1555 W.
580 1505 612 1554 A.
633 1501 663 1555 Ε.
681 1519 707 1570 p.
726 1505 778 1556 206
797 1501 843 1572 (cf.
863 1503 889 1556 h.
908 1503 925 1556 l.
944 1521 971 1572 p.
991 1505 1024 1557 51
1045 1501 1105 1573 sq).
1136 1533 1167 1544 -
1195 1503 1238 1558 El.
1258 1507 1292 1557 27
1312 1508 1377 1559 ante

283 1615 326 1652 me
344 1597 377 1652 ei.
399 1593 478 1656 αὐτός
495 1597 542 1668 (ef.
562 1597 588 1650 h.
607 1597 623 1650 l.
643 1616 670 1667 p.
690 1600 735 1666 53)
756 1598 947 1654 Witznehelius
964 1599 1093 1654 Zeitsehr.
1111 1601 1132 1667 f.
1152 1600 1179 1654 d.
1198 1601 1378 1658 A.·W.1838

282 1713 310 1764 p.
328 1696 393 1763 6443
412 1695 447 1749 ef.
466 1693 563 1748 Vitelli
581 1695 655 1766 App.
672 1696 733 1750 erit.
752 1714 778 1764 p.
798 1697 832 1748 76
850 1695 913 1750 adn.
936 1699 958 1748 1.
1120 1685 1133 1712 ⁹

382 1791 455 1844 Dum
473 1792 527 1845 hoe
546 1791 708 1861 opusculum
728 1793 801 1861 typis
820 1791 994 1861 exprimitur,
1014 1793 1125 1846 Bonnae
1143 1793 1309 1863 prodierunt
1321 1795 1376 1848 Lu·

284 1888 374 1942 dovici
396 1882 555 1942 Enthoveni
581 1886 636 1948 „De
660 1888 725 1941 Ione
749 1888 843 1942 fabula
861 1888 1012 1958 Euripiden
1036 1891 1212 1958 quaestiones
1235 1891 1376 1956 selectae“‚

284 1984 384 2052 quibus
404 1985 446 2038 uti
464 2002 520 2038 non
539 1985 594 2038 iam
606 1989 739 2054 poteram.
768 1985 937 2054 Magnopere
951 1987 1063 2054 gavisus
1076 2003 1144 2053 sum,
1165 1987 1238 2056 quod
1252 1987 1286 2038 iis
1299 1986 1376 2056 locis,

283 2098 353 2150 quos
373 2082 453 2136 ambo
472 2083 661 2150 tractavimus,
691 2082 769 2134 illum
796 2099 901 2135 summa
922 2082 951 2135 in
970 2099 1000 2135 re
1019 2099 1124 2136 meeum
1145 2083 1290 2136 facientem
1309 2083 1377 2137 vidi.

284 2177 323 2230 cf.
343 2176 424 2230 velim
443 2177 601 2232 Enthoveni
618 2197 645 2247 p.
665 2181 698 2230 32
718 2178 781 2230 adn.
800 2180 816 2230 2
835 2195 898 2232 eum
917 2177 944 2231 h.
962 2177 979 2230 l.
999 2196 1025 2245 p.
1038 2178 1072 2230 43
1086 2182 1114 2230 et
1126 2178 1189 2232 adn.
1204 2181 1231 2246 1;
1252 2181 1278 2247 p'.
1291 2179 1325 2232 46
1337 2198 1375 2248 sq.

284 2293 346 2328 eum
365 2274 392 2328 n.
413 2275 430 2328 1.
448 2294 474 2344 p.
492 2277 525 2328 ne
544 2275 607 2339 aen.
625 2277 655 2344 23
675 2293 702 2344 p.
722 2276 756 2328 56
775 2292 814 2342 sq.
833 2291 896 2328 oum
914 2274 939 2327 n.
959 2275 977 2327 1.
997 2293 1023 2344 p.
1043 2275 1077 2326 42
1096 2274 1158 2328 adn.
1178 2275 1202 2327 2.
1269 2336 1279 2343 p
1343 2258 1348 2268 '

382 2389 409 2442 p.
428 2376 461 2426 32
482 2390 507 2425 v.
526 2374 542 2424 7
560 2372 622 2441 lege
642 2370 745 2440 pendet
762 2387 813 2440 pro
830 2369 944 2438 pondet.

383 2486 409 2536 p.
429 2470 463 2521 57
483 2467 544 2521 edn.
563 2471 579 2520 3
597 2467 658 2537 lege
674 2461 767 2536 γάμου
785 2484 835 2536 pro
855 2462 964 2536 γάμων.

381 2583 407 2636 p.
428 2566 462 2617 58
481 2563 543 2617 adn.
563 2566 580 2615 2
598 2581 623 2617 v.
644 2563 676 2616 10
695 2563 756 2632 lege
776 2564 826 2616 661
847 2580 898 2633 pro
918 2564 980 2616 660.

381 2679 406 2730 p.
428 2662 507 2714 64'v.
525 2661 560 2712 28
582 2661 642 2729 lege
660 2659 734 2728 quod
753 2677 888 2729 proquo.

384 2776 410 2826 p.
431 2761 463 2811 75
485 2777 509 2812 v.
530 2759 562 2810 12
582 2757 644 2828 lege
665 2757 833 2811 Wecklinius
850 2774 901 2826 pro
920 2756 1097 2811 Wecklininn.
