3170 5134
724 471 759 528 tr

197 669 378 752 Schlegelio‚
412 671 465 752 qui
495 689 561 736 earn
587 671 619 734 in
650 671 730 736 libro
776 669 896 751 „Uedcr
918 671 1050 736 dromot.
1072 669 1196 735 Kcost“
1222 671 1238 735 l
1260 691 1288 753 p.

196 779 321 860 231sq.
343 778 538 843 acerbissime
560 779 748 861 perstrinxit,
769 798 808 843 ne
829 778 930 843 dicam
953 779 1060 842 irrisit.
1104 779 1221 847 Tamen
1241 778 1290 843 fa-

196 886 268 951 bula
289 885 451 972 mediocris
473 886 565 969 pretii
587 887 720 952 deterior
741 887 825 953 facta
846 889 892 951 est
915 886 1197 960 additamentorum
1222 889 1288 952 tam

194 995 283 1077 larga
310 995 406 1076 copia,
442 995 477 1059 ut
504 995 554 1061 vir
583 995 681 1060 ullam
710 996 810 1078 magis
839 995 1043 1061 deformatam
1070 996 1176 1060 nostre
1205 996 1289 1060 aetas

194 1102 307 1168 uiderit
332 1101 393 1186 (of.
417 1103 467 1168 W.
488 1104 528 1170 A.
551 1104 586 1169 Ε.
608 1123 637 1186 p.
660 1105 722 1168 240
744 1105 774 1168 et
797 1104 858 1183 76).
899 1102 976 1169 Cum
999 1105 1103 1168 autem
1122 1122 1225 1168 meum
1248 1103 1289 1167 sit

194 1211 357 1293 prologum
380 1211 419 1276 ad
442 1212 609 1294 genuinam
631 1212 764 1278 formam
785 1213 936 1290 reducere,
962 1212 1046 1277 haud
1067 1193 1181 1295 paucas
1202 1230 1288 1294 spero

195 1320 340 1385 accurata
372 1319 627 1402 interpretatione
654 1339 702 1386 me
730 1323 769 1386 ab
794 1341 828 1388 eo
853 1321 1063 1387 abstersurum
1090 1340 1154 1386 esse
1182 1338 1289 1384 macu-

194 1429 250 1493 las.
283 1465 323 1476 -
355 1427 392 1491 lu
414 1426 537 1491 exordio
560 1426 683 1492 fabulae
709 1427 740 1490 in
770 1443 911 1492 scaenam
933 1426 1036 1508 prodit
1058 1424 1206 1508 agricola,
1240 1425 1289 1489 cui

195 1537 362 1620 Aegisthus
385 1536 539 1600 Electram
556 1553 680 1600 uxorem
700 1535 794 1600 dedit.
825 1535 994 1618 Postquam
1012 1535 1119 1617 primis
1141 1532 1289 1598 tredecim
1360 1546 1362 1557 ·

195 1647 333 1712 versibus
354 1644 595 1726 Agamemnonis
621 1643 652 1707 et
677 1643 798 1707 felicem
827 1644 857 1707 ct
885 1643 1028 1707 miseram
1058 1643 1217 1707 fortunam
1240 1660 1290 1706 er·

194 1753 307 1836 posuit,
328 1771 407 1835 quac
420 1753 503 1816 mala
525 1770 667 1835 perpessa
688 1752 730 1816 sit
750 1751 816 1816 filia
837 1751 902 1815 eius
926 1752 1058 1816 enarrat.
1083 1785 1121 1796 -
1142 1751 1212 1832 Ipse
1226 1750 1288 1831 pri·

197 1879 266 1948 mus
288 1877 397 1924 versus-

419 1953 448 2031 σῖ
468 1966 526 2052 γῆς
546 1955 832 2050 παλαιόν’ᾎργος,
856 1958 975 2047 Ἰνάχου
998 1966 1070 2052 ῥοαί

196 2075 284 2157 quasi
305 2075 389 2140 malo
413 2077 509 2140 omini
535 2077 581 2140 cst
602 2076 662 2140 toti
685 2075 824 2141 fabulae:
857 2095 912 2158 pro
927 2065 1049 2159 ’Ἀργος
1067 2078 1123 2141 aut
1146 2077 1289 2158 corrupto

195 2186 250 2248 aut
275 2201 290 2248 e
312 2203 340 2249 v.
363 2187 383 2248 6
405 2184 482 2250 falso
504 2185 595 2250 illato
622 2184 707 2249 aliud
735 2185 920 2250 vocabulum
947 2186 1122 2268 appositum
1151 2184 1190 2250 ad
1212 2178 1290 2247 Ἰνά-

194 2313 251 2371 χου
268 2291 342 2378 ῥοαί
363 2293 613 2358 substituendum
635 2295 690 2358 est.
734 2294 813 2358 Mihi
835 2293 960 2376 quidem
981 2294 1062 2358 inter
1083 2295 1196 2360 molem
1218 2313 1290 2359 con-

192 2401 390 2480 iecturarum,
425 2419 519 2484 quam
552 2404 752 2484 procrearunt
784 2403 872 2468 uaria
906 2404 1085 2468 criticorum
1117 2403 1243 2486 ingenia
1253 2404 1287 2484 ¹),

196 2511 332 2591 palmam
354 2510 432 2576 ferre
454 2511 578 2576 videtur
600 2511 849 2576 Kirchhoffiena:
886 2496 913 2574 ci
932 2513 991 2596 γῆς
1010 2505 1105 2594 γόνος
1132 2505 1286 2588 acdestim

193 2618 308 2683 litteris
324 2619 404 2683 enim
419 2620 555 2701 proxime
575 2621 662 2684 abest
686 2639 704 2684 a
720 2619 834 2685 codicis
850 2621 1003 2702 scripture
1018 2622 1049 2685 et
1063 2639 1183 2685 sensum
1199 2640 1288 2702 prae·

195 2726 246 2791 bet
270 2729 374 2792 nostro
396 2727 465 2792 loco
487 2728 682 2810 aptissimum
707 2728 759 2808 (cf.
784 2727 889 2810 Suppl.
914 2729 1018 2810 1150).
1043 2763 1079 2774 -
1103 2729 1140 2793 V.
1162 2730 1182 2793 9

326 2830 463 2924 θνῄσκει
483 2830 630 2920 γυναικός
652 2831 737 2916 πρός
762 2830 1049 2921 Κλυταιμνήστρας
1070 2831 1157 2922 ὄόλῳ

193 2946 398 3027 explicaturus
414 2945 544 3010 Weilius
566 2946 642 3010 haec
662 2944 805 3010 adnotat:
832 2945 895 3026 „Le
908 2945 996 3010 corde
1011 2939 1148 3032 θνήσκει
1168 2967 1187 3012 o
1205 2946 1288 3010 deoc
1343 3029 1348 3036 Ι

193 3053 425 3134 complemento:
448 3048 534 3137 πρὸς
554 3051 703 3138 γυναικός
725 3049 1012 3142 Κλυταιμνήστρας
1028 3062 1056 3120 et
1078 3051 1175 3140 δόλῳ.
1215 3055 1288 3137 Olp-

193 3167 355 3228 temcesfre
381 3163 455 3228 tend
481 3163 510 3228 lc
533 3164 634 3247 ptepc,
666 3149 797 3247 Epistdc
818 3171 911 3245 porte
941 3165 969 3229 tc
992 3185 1069 3245 coep
1091 3163 1200 3228 merted
1225 3161 1289 3245 (f).

160 3321 162 3325 -
192 3269 229 3336 Π
250 3277 294 3336 est
315 3273 385 3337 croi
408 3293 465 3355 poe
486 3273 518 3338 lo
539 3275 661 3338 υσνσλσυ
682 3273 736 3338 des
766 3275 924 3356 tropiqucs
950 3279 979 3338 et
1005 3273 1290 3354 particolidrement
1344 3325 1346 3332 ,

193 3379 366 3464 c’meopu,
389 3387 435 3446 est
454 3381 502 3464 ρκ’
520 3372 806 3465 Apamemooc'fat
827 3383 878 3446 1κὲ
899 3383 937 3447 dc
959 3383 990 3447 λα
1012 3401 1130 3472 propre
1150 3381 1236 3446 moto
1252 3381 1290 3445 dc

193 3509 250 3555 sou
271 3491 389 3571 epocse.
433 3489 591 3572 &eripede
612 3491 766 3556 lotmemc
787 3492 834 3556 dit
855 3512 897 3556 αα
918 3511 987 3555 cers
1008 3491 1113 3570 1160:
1146 3479 1289 3552 ὃπόσιν

77 3604 82 3611 “
195 3648 232 3663 ..
257 3650 263 3664 .
287 3591 459 3686 ὀξυθήκτῳ
480 3598 568 3680 βέλει
589 3598 750 3664 κατέκταν
773 3590 933 3682 αι’·τόχιιρ,
966 3587 1104 3663 πὲλέκυν
1126 3595 1160 3661 ἐν
1181 3598 1290 3678 χεροῖν

193 3705 346 3787 λαβοῦσα.
396 3709 486 3774 Mais
515 3729 555 3774 συ
581 3715 657 3790 peut
685 3729 837 3790 soppoeer
865 3729 922 3791 quc
951 3709 995 3774 les
1021 3708 1104 3773 dccc
1130 3707 1290 3787 complices

191 3815 376 3898 froppcreot
397 3816 418 3878 ὰ
439 3817 472 3881 1σ
490 3817 581 3898 fois.“
626 3816 729 3882 Sensit
751 3817 816 3882 sine
836 3817 929 3882 dubio
942 3815 1075 3881 Weilius
1090 3816 1171 3880 hune
1186 3815 1288 3878 locum

195 3923 353 3989 nonsatis
380 3925 508 4005 planum
539 3945 616 4004 esse;
652 3925 805 4008 quomodo
835 3924 981 3990 solvenda
1013 3926 1092 3990 esset
1120 3921 1289 3989 difficultas

140 4120 144 4127 Ι
168 4197 170 4204 .
295 4151 322 4221 1)
340 4151 506 4222 Nuperrime
533 4153 625 4207 lecum
648 4155 857 4223 temptaverunt
879 4151 1017 4219 Vitellius,
1046 4150 1173 4220 Appccti
1199 4147 1289 4204 critici

193 4247 265 4302 eollo
286 4247 396 4304 Ελιικνα
418 4248 448 4304 dt
470 4248 615 4318 Euripide.
655 4249 858 4304 Terdec-Romo
876 4252 949 4308 1880
973 4248 1131 4316 p.101sq.
1171 4244 1289 4310 Memor,

194 4344 409 4412 Euripideorum
428 4362 454 4414 p.
476 4347 517 4398 68.
