3124 5138
830 444 848 496 8

294 639 328 703 in
349 639 388 703 iis
409 658 478 704 mea
500 637 624 722 quidem
646 638 798 703 sententia
821 637 960 719 spurium
974 637 1025 716 sit,
1046 637 1176 718 notabo;
1199 637 1268 703 tum
1283 655 1299 702 e
1315 654 1388 720 pur·

296 746 379 829 gatis
400 746 536 830 prologis
556 747 649 830 leges,
672 765 750 829 quas
772 745 935 828 Euripides
956 745 989 809 in
1011 744 1049 810 iis
1071 744 1288 828 componendis
1302 763 1389 811 secu·

295 854 347 919 tns
367 854 419 939 sit,
439 855 460 919 i.
483 872 508 919 e.
528 855 627 920 artem
650 873 756 920 eorum
777 871 882 919 eruere
903 853 1032 919 studebo
1044 851 1078 936 ¹).

832 1321 856 1384 l.

584 1480 640 1546 DE
661 1478 1104 1560 INTERPOLA'PIONIBVS

526 1587 814 1656 Puotoeouvm
839 1587 1162 1655 EVRlPIDEORVM

399 1749 444 1813 De
472 1746 764 1832 interpolationibus
793 1749 992 1834 prologomm
1020 1747 1254 1832 Euripideorum
1285 1747 1392 1833 dispu-

288 1857 403 1922 'taturo
427 1875 526 1939 pauca
550 1855 628 1922 mihi
649 1855 742 1924 liceat
763 1855 897 1940 praefari
919 1857 956 1923 de
977 1857 1029 1923 via
1051 1874 1088 1922 ao
1109 1856 1230 1923 ratione
1244 1876 1306 1942 qua
1319 1856 1392 1922 illas

297 1965 492 2048 indagandas
513 1983 576 2031 esse
598 1983 714 2031 censeo.
754 1963 803 2030 Ac
824 1964 958 2048 primum
981 1964 1104 2048 quidem
1128 1963 1326 2050 ponderanda
1346 1965 1392 2030 est

297 2071 395 2138 totius
415 2072 540 2139 fabulae
563 2072 681 2138 eteius
703 2072 741 2138 de
762 2091 823 2156 quo
846 2073 1007 2155 quaeritur
1028 2071 1088 2138 loci
1114 2071 1263 2138 condicio.
1309 2073 1391 2140 Nam

298 2181 324 2246 si
346 2195 453 2246 verens
473 2179 601 2263 quidam
621 2196 692 2244 oum
714 2179 786 2244 aliis
807 2179 943 2245 eiusdem
965 2179 1089 2246 fabulae
1110 2180 1187 2246 locis
1209 2181 1316 2266 aperte
1336 2200 1394 2265 pu-

298 2293 398 2372 gnant
412 2291 468 2356 aut
483 2308 554 2355 cum
568 2287 654 2354 illius
677 2306 756 2372 quae
776 2287 916 2371 loquitur
932 2306 1077 2372 personae
1095 2288 1221 2373 ingenio
1239 2288 1304 2356 sive
1323 2309 1393 2355 cum

299 2399 396 2465 totius
417 2398 541 2464 fabulae
563 2397 747 2480 argumento
770 2415 831 2462 non
853 2395 1050 2461 consentiunt
1071 2396 1127 2461 aut
1146 2415 1257 2463 nexum
1272 2398 1394 2464 senten-

298 2507 414 2573 tiarum
435 2505 625 2572 intolerabili
646 2503 738 2570 modo
764 2503 1006 2587 interrumpunt,
1038 2523 1088 2570 eos
1115 2506 1154 2572 ab
1180 2504 1336 2590 Euripide,
1367 2505 1395 2570 si

299 2615 423 2700 quidem
444 2633 538 2680 sanus
565 2611 627 2679 fuit
649 2614 749 2696 poeta,
782 2613 935 2694 profectos
957 2631 1021 2678 esse
1043 2632 1104 2679 non
1125 2632 1212 2698 posse
1233 2632 1321 2680 nemo
1343 2633 1394 2679 ne·

299 2723 397 2808 gabit.
433 2720 580 2807 Sequitur
603 2740 702 2787 sermo
726 2719 920 2805 Euripideus.
956 2721 1034 2787 'l'am
1054 2741 1171 2806 magna
1192 2722 1275 2789 enim
1295 2722 1396 2789 exstat

299 2831 485 2915 scriptorum
509 2828 667 2912 Euripidis
691 2829 789 2912 copia,
820 2830 856 2893 ut
885 2829 959 2913 quid
986 2829 1013 2896 ei
1034 2829 1158 2897 licuerit
1179 2831 1289 2916 dicere,
1319 2830 1394 2916 quid

299 2959 361 3006 non
381 2941 515 3020 licuerit,
536 2937 707 3004 certissime
727 2938 825 3004 statui
846 2939 952 3023 possit.
990 2940 1108 3005 Tamen
1126 2940 1207 3006 banc
1228 2939 1395 3024 interpola-

299 3051 393 3117 tionis
415 3048 591 3132 arguendae
612 3047 767 3113 rationem
788 3048 847 3113 etsi
867 3047 1116 3114 luculentissima
1130 3051 1178 3115 est
1193 3050 1224 3115 et
1238 3049 1394 3132 philologo

300 3159 493 3242 dignissima,
526 3156 617 3222 valde
638 3156 761 3240 neglegi
783 3157 881 3223 uideo.
926 3159 1037 3242 Itaque
1058 3178 1115 3243 ego
1137 3178 1228 3224 usum
1249 3157 1395 3242 loquendi

300 3267 511 3350 Euripideum,
533 3265 684 3349 quantum
707 3266 856 3348 poteram,
878 3284 1062 3350 cognoscere
1081 3267 1196 3332 studui.
1238 3266 1300 3334 Ubi
1322 3285 1395 3332 con·
1425 3345 1430 3352 ⁶

300 3376 399 3442 traria
421 3373 535 3453 inveni,
569 3373 717 3458 quaesivi,
750 3374 873 3457 qnando
894 3376 925 3441 et
948 3375 1030 3459 apud
1053 3396 1129 3459 quos
1148 3375 1311 3458 scriptores
1332 3374 1395 3458 pri-

301 3503 387 3551 mum
410 3483 559 3566 usurpata
576 3483 760 3567 appareant3
781 3502 843 3566 qua
865 3483 970 3550 tamen
988 3483 1022 3549 in
1040 3503 1073 3549 re
1093 3483 1175 3549 haud
1191 3503 1261 3549 raro
1278 3483 1395 3550 frustm

301 3611 350 3657 me
372 3611 496 3675 operam
518 3592 741 3674 consumpsisse
771 3591 821 3657 vix
847 3611 922 3675 opus
946 3593 993 3658 est
1014 3611 1146 3658 monere.
1190 3591 1295 3658 'l'ertio
1326 3592 1394 3658 loco

301 3699 500 3784 antiquitatis
523 3699 701 3766 testimonia
723 3719 937 3767 commemoro.
976 3701 1063 3767 Licet
1077 3701 1159 3768 enim
1172 3719 1395 3784 nonnunquam

301 3829 337 3876 ex
367 3809 506 3875 codicum
535 3809 709 3874 nostrorum
737 3809 877 3892 vestigiis
905 3809 936 3876 et
965 3828 999 3874 er
1025 3810 1212 3876 scholiorum
1245 3809 1395 3893 interpre-

299 3917 419 3984 tatione
441 3917 621 3984 concludere
642 3918 738 3984 aliam
765 3917 859 3982 fuisse
882 3917 1057 4001 antiquitus
1079 3917 1230 3984 traditam
1253 3918 1314 3983 loci
1336 3917 1395 3983 ali-

302 4027 389 4094 cuius
411 4027 696 4111 conformationem,
730 4027 778 4092 uel
801 4028 921 4106 menda,
953 4045 1032 4109 quae
1059 4025 1320 4110 interpolatorum
1345 4025 1395 4091 in·

306 4167 502 4175 --—---—

280 4267 283 4272 ,
402 4233 427 4299 l)
447 4231 578 4288 Consulto
602 4231 632 4286 in
650 4234 711 4287 tota
733 4231 786 4287 hec
811 4229 1044 4287 commentatione
1062 4229 1210 4299 Cyclopem
1235 4227 1394 4298 satyricam,

301 4345 387 4388 unum
405 4329 486 4384 huius
503 4328 613 4401 generis
632 4328 798 4398 exemplum,
816 4327 971 4399 neglegam.
